5725 6392
1276 699 1454 786 ·5.2

533 910 644 978 sedin
663 909 794 998 Lyricis
817 907 958 996 singulae
986 905 1086 970 lineae
1108 905 1219 986 hines,
1248 905 1304 970 sub
1325 903 1417 970 finem
1445 900 1552 970 ternos
1580 924 1698 991 quoque
1727 903 1843 969 hebent
1868 925 1978 970 versus
2011 926 2078 971 unu·
2097 904 2325 973 continuatione

533 1016 677 1103 scriptos.
721 1011 842 1080 Versus
864 1011 896 1073 in
920 1008 1051 1095 singulis
1074 1008 1199 1098 paginis
1211 1006 1302 1071 Artis
1324 1015 1420 1095 poet,
1442 1006 1651 1096 Epistularum
1673 1014 1705 1072 et
1721 1005 1892 1072 Satirarum
1914 1010 1968 1090 21,
1992 1008 2100 1096 scripti
2120 1007 2323 1074 interlineas

532 1118 605 1182 stilo
628 1115 746 1196 ductas,
768 1115 801 1178 iu
822 1112 920 1201 prima
948 1109 1065 1175 codicis
1094 1116 1182 1198 parte
1210 1107 1322 1197 pallide
1345 1108 1520 1195 coloratas,
1543 1111 1624 1176 hinis
1653 1110 1802 1197 utrimque
1823 1109 1914 1175 lineis
1936 1109 2239 1198 perpendicularihus
2263 1118 2322 1176 ter·

532 1219 675 1299 minatae,
698 1216 804 1302 quihus
826 1214 948 1279 litterae
970 1213 1105 1281 initiales
1128 1233 1271 1277 versuum
1292 1210 1495 1279 includuntur.
1536 1211 1575 1278 In
1591 1212 1728 1300 Lyricis
1757 1218 1857 1276 autem
1887 1212 2028 1299 singulae
2056 1213 2190 1301 paginae
2211 1232 2321 1278 uersus

491 1317 496 1326 ’
530 1322 586 1401 Sd,
608 1319 729 1383 ultimae
752 1315 829 1382 adeo
851 1320 894 1380 42
916 1317 1039 1382 hahent.
1084 1314 1185 1380 Tituli
1206 1323 1238 1382 et
1258 1315 1380 1381 litterae
1403 1315 1579 1404 eclogarum
1601 1315 1738 1381 initiales
1759 1315 1935 1404 plerumque
1956 1315 2049 1380 minio
2071 1315 2190 1403 pictae,
2213 1313 2322 1381 sedis

531 1420 646 1488 Satiris
669 1427 700 1485 et
720 1421 754 1484 in
774 1419 904 1507 Lyricis
927 1440 1044 1506 quoque
1067 1419 1145 1483 tituli
1167 1418 1287 1489 desunt
1315 1418 1528 1484 atramentum
1549 1420 1582 1484 in
1601 1417 1755 1504 Epistolis
1778 1426 1810 1482 et
1832 1416 1946 1483 Satiris
1967 1419 2179 1505 nigerrimum,
2200 1417 2235 1482 in
2256 1416 2322 1504 Ly·

531 1520 607 1590 ricis
630 1529 729 1587 autem
751 1523 870 1586 fuscum
893 1530 951 1587 est.
996 1520 1124 1588 Scholia
1152 1529 1184 1586 ct
1205 1521 1336 1608 glossae
1365 1523 1398 1587 in
1419 1521 1521 1608 Epist
1553 1528 1587 1586 et
1608 1521 1809 1587 Sermonihus
1838 1542 1973 1607 paucae,
2004 1521 2037 1585 in
2057 1519 2188 1607 Lyricis
2210 1518 2320 1585 nullae.

531 1625 749 1710 Scriptura
769 1625 800 1689 in
822 1625 928 1710 priore
951 1624 1068 1689 codicis
1090 1630 1178 1709 parte
1201 1622 1341 1713 grandis,
1364 1624 1516 1689 luculenta
1536 1631 1568 1689 et
1589 1625 1746 1711 aequalis,
1770 1623 1889 1689 ductum
1911 1623 2004 1687 hahet
2025 1621 2141 1688 saeculi
2162 1619 2238 1688 XII.
2263 1621 2322 1686 ele.

531 1737 669 1815 gentem,
694 1725 876 1814 angulosum
890 1732 929 1796 ,et
950 1727 1018 1792 lere
1042 1727 1230 1813 quadratum,
1252 1726 1364 1793 litteris
1376 1749 1439 1793 non
1458 1726 1580 1791 multum
1593 1726 1645 1791 vel
1659 1748 1753 1814 supra
1771 1726 1821 1791 rel
1835 1727 1918 1791 inlra
1931 1725 2042 1790 lineam
2060 1724 2321 1811 prominentibus,

529 1830 563 1894 iu
583 1828 713 1916 Lyricis
736 1837 836 1894 autem
858 1830 948 1894 aliam
969 1829 1062 1895 hahet
1083 1831 1205 1895 omniuo
1227 1831 1361 1917 speciem
1383 1830 1476 1897 multe
1496 1830 1730 1895 contractiorem
1743 1829 1973 1914 exilioremque,
1995 1826 2322 1908 litteristenuiorihus‚

529 1931 641 1997 macris
665 1939 697 1996 et
718 1931 869 1996 confertis
893 1933 1045 2015 omnihus,
1068 1931 1125 1997 sed
1147 1942 1246 1999 amen
1267 1934 1358 2023 plane
1387 1940 1420 1998 et
1440 1931 1592 2025 explicate
1616 1933 1751 2017 scriptis.
1795 1932 1868 1996 Non
1898 1937 1999 1995 tamen
2026 1929 2087 1994 alia
2115 1936 2216 1993 aetate
2245 1928 2324 1994 hane

529 2033 656 2098 alteram
677 2041 794 2119 partem
817 2031 906 2120 atque
928 2035 1061 2120 priorem
1083 2035 1165 2100 illam
1193 2043 1265 2122 puto
1289 2056 1362 2102 esse
1385 2040 1559 2114 exaratam3
1589 2041 1746 2120 utramque
1773 2054 1849 2099 vero
1880 2034 1975 2098 certis
2005 2031 2043 2096 de
2073 2032 2176 2097 causis
2200 2029 2324 2096 saeculo

528 2133 603 2200 ΧΠ.
628 2143 765 2200 extremo
789 2127 930 2202 attribuo.
953 2136 1033 2201 Nam
1055 2135 1237 2225 diphthongi
1260 2159 1317 2221 ae,
1339 2158 1385 2203 oe
1407 2138 1567 2202 rarissime
1590 2136 1750 2223 apparent,
1772 2157 1802 2201 aa
1824 2134 1936 2224 siglam
1957 2156 2122 2221 nusquam3
2153 2155 2171 2198 e
2194 2133 2325 2219 simplex

528 2255 585 2324 pro
608 2236 648 2301 iis
671 2237 739 2302 fere
761 2227 881 2324 uhilpue.
921 2262 932 2302 1
954 2236 1135 2325 duplicatum
1164 2250 1290 2306 accentu
1312 2247 1436 2306 notatur
1467 2233 1744 2326 (viclls,¹rmperll,
1768 2237 1895 2320 sociis).
1929 2236 1994 2303 Sed
2015 2259 2027 2300 1
2050 2237 2180 2323 simplex
2200 2236 2324 2321 ultique,

432 2344 434 2349 ’
528 2360 591 2405 non
618 2339 631 2403 i
657 2339 708 2404 vel
730 2339 759 2404 l.
803 2339 877 2409 diu
898 2337 1113 2428 prioreparte
1136 2343 1296 2426 usitatum,
1319 2344 1351 2408 in
1374 2343 1472 2408 altera
1494 2341 1513 2407 d
1535 2341 1609 2407 et‘d
1630 2342 1814 2428 promiscue.
1860 2341 2084 2426 rplerumque,
2123 2338 2326 2420 arianas

528 2443 654 2530 longum
665 2442 734 2506 fere
745 2443 866 2530 ubique,
889 2444 1056 2510 smodoin
1078 2445 1259 2511 lineuocum
1282 2453 1314 2510 et
1335 2465 1430 2533 supra
1451 2444 1564 2511 lincam
1586 2443 1696 2508 elatum
1719 2443 1872 2529 (hospm).
1894 2442 2013 2530 Sigla
2035 2449 2075 2507 et
2096 2440 2326 2528 compendia

530 2544 739 2611 scribendi
759 2567 821 2611 non
843 2546 933 2612 nimis
956 2546 1049 2633 multa
1076 2555 1108 2612 et
1128 2546 1180 2612 illo
1203 2570 1282 2614 uero
1305 2549 1427 2614 usitata.
1452 2546 1656 2634 dolrequens,
1680 2544 1788 2633 ilpro
1811 2568 1904 2629 rum,
1925 2546 1953 2609 ἶ
1973 2565 2031 2630 pro
2056 2545 2218 2630 estlnon
2240 2546 2321 2625 -:-).

529 2646 836 2735 Orthographia
864 2670 999 2714 vocum
1035 2650 1236 2714 uetustiorem
1271 2649 1733 2734 consuetudinemplerumque
1769 2655 1890 2713 servat:
1925 2644 2135 2734 Juppiter,
2165 2644 2324 2728 Ulixes,

529 2749 696 2836 Apulus,
718 2739 947 2835 percontor,
969 2750 1091 2832 milia,
1114 2750 1246 2833 belua,
1270 2773 1401 2834 sucus,
1424 2757 1550 2834 artus,
1574 2759 1698 2833 carta,
1717 2752 1931 2837 numquam,
1952 2760 2324 2837 umqunrn',cumque‚

527 2850 778 2934 tantumdem,
801 2850 1021 2934 inmundus,
1043 2853 1273 2938 inpransus,
1296 2853 1500 2940 inruptus,
1523 2854 1752 2939 inpressos,
1775 2853 1915 2936 inbuo,
1938 2851 1994 2917 sed
2015 2851 2153 2934 illudo,
2178 2849 2321 2915 collau·

528 2951 622 3036 dem,
646 2953 922 3039 obprobrium
951 2975 970 3040 p
992 2955 1075 3019 inter
1095 2976 1156 3037 mu,
1179 2976 1237 3036 ms,
1260 2962 1302 3018 mt
1323 2955 1473 3021 insertum
1496 2959 1759 3042 (contempno,
1787 2954 1951 3041 hiemps,
1973 2953 2226 3040 ademptus)j
2252 2960 2322 3018 ante

526 3057 691 3143 iejectum
718 3056 751 3119 in
780 3056 958 3141 compositis
982 3056 1145 3140 (obicit,
1173 3056 1312 3139 inicit,
1342 3057 1486 3144 deicit)
1514 3059 1526 3123 i
1554 3079 1611 3146 pro
1641 3058 1860 3146 yplcrumquc
1888 3056 2005 3142 (lide,
2034 3053 2158 3138 licui)
2190 3063 2323 3141 eprot

527 3158 702 3241 (vicium,
724 3158 923 3238 avaricia)
945 3145 1007 3222 tuin
1027 3157 1180 3244 inquid,
1203 3157 1330 3242 velud,
1353 3167 1482 3245 caput,
1503 3160 1827 3247 hau-t,(plerumque)
1847 3160 1974 3241 michi,
1996 3158 2133 3242 nichil,
2152 3160 2320 3246 (semper).

527 3259 708 3326 Accusatiui
730 3267 800 3325 tert.
825 3258 935 3326 declin.
959 3261 992 3324 iu
1012 3261 1048 3325 is
1072 3261 1149 3325 satis
1171 3260 1573 3347 frequentes-,Lectio
1596 3262 1687 3347 hujus
1710 3262 1842 3345 codicis,
1866 3284 1907 3328 ex
1927 3261 2006 3326 hono
2030 3268 2062 3324 et
2080 3267 2322 3327 vetustoexem·

528 3362 607 3450 plari
629 3361 737 3446 ducta,
759 3382 821 3427 non
845 3383 885 3426 ex
907 3362 989 3426 omni
1010 3360 1128 3448 quidem
1149 3370 1238 3448 parte
1267 3363 1434 3448 probatur3
1461 3363 1672 3450 negligentiae
1701 3364 1781 3429 euim
1809 3365 1944 3450 vestigia
1973 3362 2053 3429 haud
2081 3384 2179 3451 pauca
2206 3364 2322 3448 insunt,

526 3466 654 3530 vocibus
666 3462 746 3529 haud
756 3485 829 3529 raro
841 3464 891 3529 uel
902 3464 1100 3549 hanspositis
1113 3463 1162 3528 vel
1172 3464 1348 3550 depravatis
1359 3486 1417 3529 nec
1429 3465 1562 3551 singulis
1574 3466 1663 3531 modo
1675 3466 1779 3531 verbis
1793 3464 1849 3530 sed
1861 3467 1935 3530 totis
1946 3468 2101 3551 uersibus,
2126 3466 2173 3532 vel
2183 3467 2322 3556 pluribus

527 3564 673 3653 deinceps
697 3566 841 3646 omissis3
871 3574 931 3630 tum
952 3567 1157 3653 interpunctio
1187 3567 1220 3630 in
1241 3567 1377 3653 eleganti
1405 3568 1559 3652 scriptura
1580 3567 1669 3632 valde
1691 3568 1834 3657 neglecta
1861 3568 2018 3633 librarium
2040 3569 2141 3654 prodit
2162 3569 2321 3636 sollertem

527 3670 627 3756 magis
640 3690 726 3755 quam
749 3668 906 3734 eruditum.
938 3668 1044 3734 Nihilo
1068 3669 1169 3733 secius
1192 3675 1304 3750 tamem
1327 3690 1393 3734 cum
1414 3668 1466 3732 vel
1488 3669 1593 3755 optimi
1614 3669 1685 3735 lihri
1707 3672 1773 3736 suis
1795 3671 1881 3735 vitiis
1904 3693 1967 3737 non
1989 3679 2126 3754 careant,
2148 3671 2198 3736 hic
2221 3671 2320 3739 codex

525 3771 559 3835 in
580 3770 757 3836 melioribus
778 3758 1001 3853 numerandus,
1030 3771 1081 3857 qui
1108 3771 1196 3857 plura
1216 3771 1297 3835 hona
1326 3770 1438 3834 haheat
1459 3791 1547 3856 quam
1574 3772 1671 3854 mala,
1700 3793 1796 3858 eaque
1819 3773 1961 3859 singula,
1991 3795 2054 3860 uon
2075 3775 2259 3861 regnantia,
2289 3775 2320 3840 ia

526 3879 653 3960 utraque
675 3882 782 3958 parte3
812 3872 869 3939 sed
896 3872 1056 3959 Epistulas
1086 3894 1153 3937 cum
1182 3872 1382 3937 Sermonihus
1413 3871 1503 3958 paulo
1535 3872 1724 3939 emendatius
1754 3895 1841 3961 quam
1862 3874 1984 3963 Lyrica
2013 3877 2146 3961 scriptas
2174 3875 2318 3942 dixerim.

526 3973 578 4040 Ex
598 3977 693 4042 variis
715 3976 897 4041 lectionibus
920 3972 1081 4039 nonnullas
1110 3972 1226 4039 afferre
1253 3975 1364 4061 placet.
1393 3973 1420 4039 l.
1443 3971 1501 4039 0d.
1522 3976 1556 4056 8,
1578 3976 1609 4039 8.
1637 3983 1754 4060 peter
1774 3985 1905 4065 regat
1926 3982 1959 4061 8,
1981 3981 2012 4043 2.
2041 3978 2115 4043 hoc
2145 3976 2222 4043 deos
2251 3999 2318 4045 oro.

527 4079 580 4161 10,
602 4081 654 4144 24.
679 4078 807 4165 Teucer
828 4085 865 4142 te
888 4075 1064 4142 Sthenelus.
1088 4079 1143 4159 20,
1165 4078 1196 4141 2.
1219 4083 1338 4164 grata
1358 4073 1456 4162 quod
1478 4096 1550 4163 ego.
1572 4078 1627 4159 20,
1649 4077 1816 4163 tandit
1839 4082 1947 4145 minus.
1970 4079 2030 4161 Ill,
2051 4083 2107 4163 20,
2129 4082 2181 4145 21.
2204 4102 2316 4147 novum

527 4201 649 4245 cumen
672 4181 868 4246 constitutum
890 4179 946 4249 sub
968 4179 1032 4242 titt
1063 4177 1121 4243 Ad
1142 4177 1393 4244 Mecexatem
1422 4179 1671 4264 paranetice.
1714 4179 1741 4245 l.
1764 4176 1830 4246 Sat.
1852 4187 1886 4265 8,
1909 4185 1960 4245 10.
1989 4202 2066 4266 quae
2089 4195 2244 4248 vexant.
2274 4183 2316 4249 ll.

482 4360 484 4367 Ι
527 4280 593 4347 Sat
617 4285 649 4364 1,
671 4282 704 4348 0.
727 4280 797 4366 quid
819 4282 929 4346 faciam
958 4281 1148 4368 perscribe.
1176 4282 1210 4364 8,
1242 4285 1314 4347 101.
1343 4280 1476 4346 classem
1508 4278 1705 4347 deducere
1735 4281 1847 4349 Troia.
1878 4286 1911 4365 0,
1939 4286 2013 4349 108.
2036 4284 2268 4351 verniliter.
2292 4284 2319 4350 Ι.

526 4382 627 4470 Epist
648 4385 682 4465 2,
704 4387 757 4447 00.
779 4382 888 4469 pellem
909 4382 1128 4448 illatrarit.
1149 4386 1183 4466 1,
1205 4385 1259 4447 40.
1292 4390 1344 4449 tua
1364 4382 1446 4448 dona
1466 4382 1661 4469 relinquo.
1683 4382 1726 4449 11.
1749 4384 1850 4470 Epist.
1880 4389 1913 4467 1,
1934 4388 1987 4451 48.
2017 4386 2050 4451 in
2071 4386 2315 4454 1001110201.

392 4475 395 4479 ’
459 4503 471 4530 ·
525 4484 776 4571 pervaluere.
798 4489 839 4569 ,2,
859 4487 912 4549 44.
942 4492 976 4550 nt
996 4485 1139 4551 rell-em
1168 4505 1273 4551 curro.
1290 4487 1354 4550 00.
1385 4485 1463 4551 satis
1486 4505 1730 4572 expugnare.
1754 4488 1829 4552 loe.
1851 4487 2087 4554 rationibus
2110 4488 2208 4555 isdem
2235 4489 2315 4572 (sel

528 4587 797 4668 monitoribus
821 4589 993 4673 superscr).

610 4795 669 4876 47)
691 4789 815 4863 Mor.
839 4789 974 4860 Codex
994 4791 1278 4879 hierellianus,
1301 4795 1338 4861 ah
1359 4796 1532 4863 inventoris
1555 4800 1587 4859 et
1607 4796 1806 4883 possessoris
1837 4798 1962 4863 nomine
1985 4817 2003 4862 a
2023 4798 2114 4863 nohis
2136 4798 2245 4865 merito
2269 4797 2314 4864 die

526 4901 606 4978 ctus,
630 4896 746 4962 saeculi
756 4895 799 4961 X.
809 4898 1058 4963 membranaceus
1080 4896 1114 4963 in
1134 4900 1205 4982 40,
1227 4918 1268 4963 ex
1289 4888 1479 4967 variiillihri
1500 4897 1629 4985 perhoni
1651 4919 1688 4963 ac
1708 4899 1879 4988 pervetusti
1900 4899 2059 4988 particulis
2081 4907 2215 4983 conatam
2238 4921 2313 4986 quus

527 4993 665 5062 Gallus
695 4997 913 5080 Metellus,
935 4996 975 5066 V.
996 4998 1242 5083 Reverendiss.,
1264 4998 1432 5066 Sacrorum
1461 5000 1590 5064 antistes
1625 5007 1655 5065 et
1677 5001 1926 5068 bibliothecarius
1948 4999 1982 5065 in
2004 5000 2207 5067 Eremitarum
2230 4998 2315 5068 Coe·

525 5098 618 5163 sohio
648 5099 716 5182 (Ka
739 5099 935 5183 Einsiedeln)
966 5122 1118 5191 prospero
1149 5123 1223 5168 casu
1251 5112 1388 5168 veterum
1421 5101 1568 5167 librorum
1605 5105 1787 5192 tegumentis
1820 5101 2030 5190 agglutinatus
2059 5105 2169 5193 partim
2198 5105 2233 5170 in
2261 5102 2314 5170 illu

526 5200 729 5285 hihliotheca,
759 5203 868 5291 partim
897 5204 929 5270 in
953 5201 1105 5270 Coeuohii
1127 5204 1176 5270 St
1198 5202 1326 5269 Geroldi
1354 5205 1387 5269 in
1418 5203 1499 5269 valle
1521 5203 1717 5272 Valsensium
1738 5206 1856 5293 reperit
1877 5215 1909 5269 et
1930 5204 2084 5296 detractas
2107 5227 2143 5271 ac
2166 5205 2315 5272 sordihus

524 5303 662 5392 roriique
688 5302 885 5371 adhaerentis
913 5307 1059 5395 resfigiis
1086 5326 1199 5394 magna
1232 5327 1272 5374 ex
1293 5314 1381 5396 purte
1403 5307 1541 5382 obtectas
1564 5307 1596 5372 in
1617 5328 1706 5374 unum
1728 5307 1903 5394 congessit.
1967 5306 2055 5374 Haec
2075 5307 2251 5396 fragmenta
2272 5312 2317 5376 22
2359 5397 2365 5409 '
