5725 6392
1306 667 1542 782 A

804 810 806 814 '
927 800 945 839 0

534 873 882 962 quisquis-regis.
900 873 945 939 bi
965 868 1322 937 irrideant-latent
1342 869 1463 954 (Fiet.)
1491 875 1532 955 ὓ,
1553 871 1587 940 Β.
1605 870 1687 938 ustis
1710 872 1922 941 navalibus
1947 875 2067 960 (Fies.)
2090 879 2143 961 11,
2167 880 2326 948 liniis·
2353 896 2356 909 ‘

533 979 673 1043 santia
700 976 825 1060 (Flos.)
845 979 898 1041 28.
921 973 1154 1041 renidentis
1177 972 1301 1057 (Fiet.)
1323 973 1654 1043 lassescatis
1676 972 1779 1056 (Flor.
1801 997 1859 1041 nec
1881 979 2014 1059 naris]
2035 982 2096 1064 lii,
2118 979 2324 1053 18..duicibns

533 1080 712 1167 eloquiis
734 1078 849 1162 (Flos.)
863 1077 1037 1162 lo,1.jan
1060 1077 1256 1142 atteritur
1278 1074 1396 1162 (Fler.)
1418 1078 1472 1144 88.
1494 1075 1630 1142 flavos
1653 1075 1780 1142 timeam
1801 1077 2067 1166 (fulvesFier.)
2089 1085 2144 1167 17,
2165 1087 2220 1154 68.
2240 1091 2327 1174 optat

534 1203 717 1268 supremo
740 1185 931 1268 (superno
952 1178 1054 1263 Fier.)
1076 1177 1104 1250 i.
1126 1176 1193 1247 Sat.
1214 1181 1322 1261 alze.
1344 1199 1391 1245 ne
1412 1177 1569 1266 pallida
1590 1182 1648 1262 (ve
1663 1179 1804 1269 p.Fior.)
1816 1179 1882 1247 Ars
1904 1189 1987 1269 poet.
2003 1186 2077 1251 120.
2100 1206 2225 1253 carmen
2245 1187 2324 1254 fer-

534 1284 655 1351 mabis
678 1285 710 1350 in
736 1266 834 1349 acius.
856 1280 956 1348 Tituli
979 1280 1104 1347 aFior.
1129 1280 1250 1347 omnine
1274 1271 1430 1347 differnit.

620 1490 676 1572 le)
698 1487 818 1557 Brsi.
841 1485 884 1555 8.
922 1484 1059 1552 Codex
1078 1488 1112 1554 8.
1135 1485 1419 1551 bibliothecae
1441 1483 1601 1574 Regiae
1623 1483 1880 1554 Dresdensis
1903 1453 2083 1556 cbartscdns
2106 1491 2138 1556 in
2159 1491 2228 1560 Fei
2252 1495 2323 1582 maj.

533 1591 620 1677 sign.
642 1589 685 1658 D.
706 1593 780 1658 1811.
803 1611 886 1656 saec.
908 1586 981 1657 XV.
1004 1589 1167 1672 exeuntis,
1195 1588 1324 1654 firmiter
1344 1588 1473 1676 ligatus,
1495 1588 1581 1654 corio
1602 1586 1694 1654 hadie
1719 1594 1817 1656 tectus
1840 1590 2026 1678 scutulisque
2049 1595 2155 1659 aeneis
2177 1598 2324 1682 munitus,

532 1693 692 1758 saufeius
715 1699 861 1757 constans
884 1693 1001 1779 scripta
1011 1691 1136 1757 Horatii
1158 1691 1259 1757 emnia
1280 1692 1427 1773 continet,
1449 1689 1647 1757 hocordine:
1672 1689 1841 1758 Oderum
1862 1692 2242 1783 libresiV.Epoden
2257 1699 2324 1766 iib.
2363 1705 2372 1720 “

533 1792 659 1862 Curm.
675 1815 778 1863 saec.
801 1794 930 1881 Epist
953 1793 996 1862 L.
1017 1797 1041 1860 i.
1062 1792 1105 1861 Π.
1157 1792 1387 1859 Sermonum
1407 1792 1497 1859 Lib.
1519 1791 1608 1863 1.11.
1631 1793 1811 1878 Postremo,
1833 1794 1919 1860 foliis
1942 1797 2028 1882 paris
2050 1798 2166 1886 aliquot
2186 1801 2324 1889 interpe-

534 1897 616 1980 sitis,
628 1897 766 1962 Artem
778 1904 880 1984 poet.
890 1894 1193 1985 Versusinsinguiis
1209 1897 1332 1985 paginis
1340 1899 1395 1981 8⁰,
1420 1895 1528 1983 scripti
1544 1895 1739 1962 interlineas
1756 1895 1827 1962 stiio
1844 1897 1962 1981 ducms,
1973 1899 2054 1966 binis
2070 1901 2218 1989 utrimque
2233 1903 2325 1971 lineis
2470 1946 2474 1960 ·

531 1998 833 2087 perpendicularibus
857 1998 1044 2065 terminatas.
1089 1999 1233 2065 Litterae
1246 2000 1426 2087 eclogarum
1437 1999 1562 2082 rubrae,
1584 2019 1728 2065 versuum
1747 1999 1881 2065 initiales
1895 2001 1988 2067 minio
2003 2009 2139 2081 notatae.
2162 2003 2263 2081 Tituli
2275 2006 2324 2072 iit·

533 2102 610 2167 teris
632 2103 801 2168 uncialibus
823 2103 856 2168 in
878 2101 997 2190 eclogia
1021 2102 1224 2190 superscripti
1244 2103 1401 2191 pigmento
1424 2122 1597 2188 purpureo,
1620 2101 1700 2188 quali
1721 2101 1813 2168 hodie
1836 2104 1958 2188 utimur,
1979 2105 2185 2172 recentiorem
2207 2129 2326 2174 manum

531 2203 683 2292 produnt,
712 2204 839 2272 eandem
872 2227 949 2292 quae
972 2205 1076 2271 uanas
1098 2205 1249 2272 lectiones
1271 2228 1289 2271 e
1312 2211 1441 2292 quatuor
1462 2204 1551 2269 libris
1574 2225 1649 2270 mss.
1671 2224 1727 2291 per
1748 2210 1843 2270 tetum
1864 2206 1944 2271 hunc
1966 2206 2102 2274 codicem
2126 2208 2234 2277 eodem
2255 2212 2325 2299 pig-

532 2317 633 2373 mento
662 2307 847 2395 adscripsit,
874 2329 938 2373 nen
959 2315 1032 2392 pute
1065 2305 1240 2392 Georgii
1259 2306 1462 2388 Fabricii,
1493 2307 1580 2392 cujus
1610 2306 1661 2371 hic
1689 2304 1767 2371 iiber
1789 2307 1860 2371 oiim
1881 2308 1982 2374 fuisse
2004 2308 2136 2390 dicitur3
2158 2331 2222 2377 nen
2245 2314 2325 2380 enim

533 2409 651 2475 saeculi
670 2409 761 2492 xvl,
783 2411 816 2474 in
837 2429 895 2494 qne
917 2408 969 2472 iiie
986 2406 1081 2488 ,vixit
1104 2406 1161 2471 sed
1183 2406 1385 2475 ccccxviii
1405 2407 1508 2492 petius
1533 2407 1715 2491 scripturam
1738 2406 1912 2476 ostendunt.
1958 2407 2104 2475 Ceterum
2126 2413 2325 2483 necscheiiis
2434 2477 2437 2482 .
2556 2419 2558 2422 ’

530 2531 591 2577 nec
613 2511 731 2598 glossis
753 2511 786 2578 in
808 2510 869 2575 ulia
888 2515 976 2594 parte
997 2508 1047 2573 bic
1068 2508 1147 2573 iiber
1169 2509 1349 2578 instructus.
1391 2508 1523 2595 insigne
1553 2505 1701 2594 quoddam
1721 2507 1754 2573 in
1777 2510 1915 2577 emuibus
1936 2511 2028 2597 hujus
2049 2511 2122 2578 libri
2142 2512 2227 2580 foliis
2250 2536 2325 2582 cen·

531 2613 682 2699 spiceum,
705 2611 785 2698 quod
805 2613 838 2677 in
852 2610 1025 2675 Naumanni
1048 2608 1190 2697 catalogo
1214 2609 1360 2675 librorum
1382 2630 1459 2676 mss.
1598 2608 1671 2674 bibi
1692 2608 1800 2676 Sonat
1823 2609 1918 2698 Lips.
1942 2611 2027 2680 Tab.
2050 2611 2110 2680 lx.
2138 2636 2217 2683 anne
2241 2619 2327 2687 14oe

532 2716 693 2796 tribuitur,
720 2715 753 2779 in
781 2713 880 2778 altera
908 2733 992 2778 saec.
1022 2708 1095 2779 XV.
1125 2719 1213 2798 parte
1241 2711 1321 2777 hunc
1348 2711 1459 2778 librum
1599 2712 1744 2798 scriptum
1762 2733 1849 2796 esse,
1871 2713 2044 2779 certiuime
2056 2713 2202 2782 declarat
2224 2716 2324 2785 Prae·
2382 2732 2385 2737 '

532 2817 596 2883 lixa
617 2824 667 2882 est
688 2817 757 2882 huic
778 2815 858 2882 libro
881 2816 1055 2880 membrana
1077 2810 1349 2881 edictum-loannis
1368 2812 1459 2880 Stnr·
1598 2815 1650 2880 mii
1672 2805 1720 2880 ad'
1740 2814 1896 2882 surdiores
1930 2816 2113 2900 continens,
2141 2839 2201 2905 que
2229 2818 2323 2888 Jean.

533 2918 679 3007 Sepidum
702 2916 978 2983 odasHoratianas
1001 2916 1156 3002 explicare
1178 2915 1258 2981 veile
1279 2915 1459 2984 indicat-
1600 2915 1820 3005 Scriptura
1840 2918 1930 3004 hujus
1954 2916 2022 2984 ced.
2044 2919 2240 3007 pinguisest,
2256 2922 2327 2991 rudi

533 3020 635 3103 ductu,
657 3019 749 3108 plana
770 3019 901 3106 quidem,
922 3040 984 3084 non
1006 3019 1148 3107 elegans,
1169 3038 1226 3105 pre
1245 3019 1362 3085 saeculi
1375 3020 1458 3086 iliius
1599 3041 1686 3086 mere
1707 3018 1809 3085 multis
1822 3018 1913 3106 siglis
1925 3020 2156 3107 etcempendiis
2168 3023 2325 3091 scribendi

534 3132 664 3209 turpata.
706 3121 745 3185 in
770 3121 941 3187 litterarum
969 3121 1120 3208 majorum
1148 3118 1238 3184 ductu
1270 3121 1349 3186 mua
1376 3123 1525 3189 varietas.
1567 3122 1604 3187 in
1626 3122 1793 3187 mineribus
1815 3122 1928 3186 litteris
1950 3121 1962 3186 i
1983 3123 2110 3208 passim,
2133 3123 2190 3189 sed
2209 3127 2325 3212 ramus,

532 3233 645 3313 puncto
666 3231 815 3307 neutum,
836 3224 849 3288 i
870 3224 949 3307 (non
969 3222 996 3306 i)
1019 3244 1029 3290 r
1050 3222 1237 3309 plerunque,
1261 3228 1293 3287 et
1313 3245 1341 3290 r.
1364 3242 1420 3308 pro
1445 3245 1462 3288 a
1484 3222 1667 3289 interdumc
1689 3219 1989 3304 (Ciacemenis).
2031 3223 2243 3313 interpunctio
2255 3229 2324 3296 iere

532 3326 630 3396 nulia
670 3325 821 3392 Punctum
841 3325 941 3390 minus
963 3327 1020 3407 (⁶)
1042 3317 1178 3410 passim,
1210 3321 1266 3389 sed
1286 3323 1402 3407 rarius,
1435 3346 1500 3390 non
1522 3323 1615 3390 aliud.
1659 3320 1766 3391 Verba
1786 3323 1966 3408 parenthesi
1987 3325 2108 3391 inclusa
2128 3328 2161 3393 in
2183 3349 2243 3395 une
2265 3329 2324 3398 hoc

534 3427 644 3496 codice
672 3429 788 3515 aliquot
813 3426 891 3492 locis
913 3426 1097 3512 reperimus,
1130 3446 1201 3491 nam
1221 3426 1418 3512 parenthesis
1442 3426 1564 3514 signum
1593 3426 1626 3491 in
1655 3423 1877 3509 antiquioribus
1898 3424 1987 3491 libris
2016 3447 2164 3514 nusquam
2185 3441 2324 3517 apparet.

534 3530 847 3620 orthographia
875 3550 1010 3595 vocum
1036 3527 1194 3593 librarium
1223 3527 1391 3613 exemplari
1419 3546 1504 3592 saec.
1527 3526 1602 3592 ΧΠ.
1633 3524 1684 3590 vel
1704 3523 1795 3590 Xiii.
1825 3547 1913 3592 nsum
1941 3548 2014 3593 esse
2035 3529 2157 3614 probat.
2198 3530 2325 3602 Littera

534 3654 631 3720 epre
660 3656 725 3717 ae,
755 3653 799 3698 oe
829 3631 938 3718 ubique
967 3628 1149 3713 (biecenas)
1176 3629 1265 3716 ipre
1287 3650 1310 3716 y
1332 3649 1455 3715 semper
1483 3627 1662 3716 (Sisipbns,
1696 3625 1800 3711 Lide,
1829 3626 1952 3710 Lidia).
2004 3628 2130 3697 Littera
2157 3634 2178 3698 h
2208 3642 2324 3703 temere

534 3734 638 3802 addita
655 3734 705 3800 vel
723 3735 839 3801 omissa
860 3733 1012 3820 (belus,
1034 3732 1231 3815 herchua,
1253 3731 1446 3816 archana,
1468 3731 1582 3815 mihi,
1603 3729 1708 3797 nihil
1729 3730 1953 3813 (nunnichi,
1975 3731 2120 3814 nichil)
2143 3734 2323 3822 thauros,

534 3838 742 3922 cathinus,
772 3837 908 3919 thura,
930 3837 1053 3901 baure
1087 3836 1159 3921 (pre
1182 3836 1273 3916 aure)
1296 3832 1352 3900 sed
1373 3826 1523 3920 pulcer,
1546 3832 1696 3919 pulcre,
1719 3830 1843 3898 cerda
1865 3830 2011 3915 (chorda)
2034 3854 2155 3928 cerus
2177 3837 2324 3923 (merus)

533 3947 740 4007 coturnus.
763 3961 779 4005 s
801 3945 873 4026 pest
892 3958 917 4001 x
936 3937 1112 4024 plerumque
1134 3936 1280 4002 emissum
1301 3936 1429 4020 (exul,
1458 3940 1690 4017 extructus,
1720 3939 1909 4019 expecto)
1934 3954 1956 4022 p
1977 3934 2060 4001 inter
2080 3958 2156 4021 mn,
2178 3959 2252 4024 ms,
2274 3952 2323 4010 mt

533 4043 682 4109 insertum
716 4046 993 4127 (contempne,
1026 4060 1233 4125 sompnus,
1266 4039 1439 4125 ampnis,
1471 4037 1697 4125 columpna,
1732 4038 1921 4122 sumpsit,
1942 4036 2116 4123 hiemps,
2144 4047 2322 4130 temptat,

533 4144 738 4235 sumptus).
780 4143 818 4209 in
839 4161 975 4232 compes.
997 4162 1054 4231 pre
1076 4140 1208 4207 iiferei
1230 4141 1467 4225 (obiciebat,
1489 4138 1660 4222 iniciat,
1683 4136 1869 4220 deicere,
1897 4138 2099 4227 proicere.
2141 4141 2323 4214 Accumtivl

531 4245 593 4314 lii.
615 4246 694 4315 deci.
721 4247 899 4333 frequenter
920 4246 953 4312 in
975 4244 1031 4328 is,
1063 4264 1126 4310 nen
1148 4250 1249 4308 mnan
1270 4250 1356 4309 certa
1375 4244 1460 4333 iege,
1482 4264 1540 4308 nec
1563 4248 1752 4309 constanter.
1775 4260 1882 4328 quem
1903 4260 1960 4329 pre
1983 4261 2065 4308 cum
2086 4263 2201 4336 saepe;
2225 4248 2321 4333 ruit,

533 4349 695 4433 vuinus,
717 4347 859 4436 vulgus
889 4369 1022 4437 semper.
1063 4344 1251 4412 Praeterea:
1280 4342 1455 4434 Jupiter,
1485 4343 1694 4431 quioquid,
1724 4343 1948 4431 quicquam,
1977 4365 2170 4432 umquam,
2190 4349 2321 4437 pelex,

535 4472 680 4535 sucus,
701 4450 822 4534 milia,
844 4458 973 4537 urget,
995 4450 1125 4537 ungit,
1147 4443 1387 4538 per'conter,
1410 4444 1578 4531 Ulixes,
1600 4446 1735 4529 Afier,
1756 4443 1939 4530 Aiirica,
1961 4445 2028 4532 dii,
2050 4447 2143 4535 diis,
2164 4449 2322 4537 ingenii

533 4563 608 4624 cett.
629 4553 774 4620 Lectie
796 4553 917 4640 hujus
940 4549 1118 4635 codicis,
1139 4549 1201 4615 etsi
1229 4569 1293 4614 nen
1314 4549 1423 4637 ubique
1445 4556 1532 4615 recta
1554 4558 1586 4615 et
1607 4545 1779 4631 emendata,
1801 4547 1943 4614 versibus
1965 4550 2082 4638 passim
2103 4549 2153 4615 vei
2175 4552 2250 4620 tetis
2271 4551 2322 4621 vei

533 4656 667 4724 dimidiis
689 4656 826 4735 emissis,
846 4653 952 4720 verbis
974 4653 1105 4740 singuiis
1128 4653 1178 4719 vel
1199 4650 1326 4716 emissis
1349 4650 1399 4717 vel
1420 4651 1634 4741 transpositis,
1656 4651 1759 4717 rarius
1781 4649 1959 4741 deprauata,
1980 4670 2043 4715 non
2065 4657 2176 4735 mmen,
2199 4655 2321 4742 preiiia

531 4759 717 4852 praesertim
746 4765 867 4842 aetate,
890 4753 1083 4846 spernenda,
1111 4754 1168 4823 sed
1197 4754 1274 4820 satis
1304 4753 1387 4820 bona
1406 4764 1438 4818 et
1459 4756 1573 4843 proba,
1606 4753 1754 4821 nonnulla
1773 4754 1901 4842 propria
1923 4750 2029 4835 effert,
2050 4760 2084 4817 ut
2103 4751 2129 4818 1.
2153 4753 2212 4821 (id
2235 4762 2266 4842 1,
2287 4761 2321 4826 ’1.

531 4870 659 4947 turma
680 4861 853 4942 Qniritium.
874 4862 928 4925 27.
949 4857 1095 4926 Seuvisa
1115 4864 1167 4923 est
1189 4855 1328 4924 ecuiis.
1349 4857 1402 4921 bb
1424 4851 1591 4930 i‘ertice
1613 4854 1761 4922 sidera.
1784 4858 1817 4935 8,
1838 4851 2042 4920 suadeas
2065 4854 2321 4929 incolumemffl·

533 4963 802 5052 Perrupitque
824 4962 1064 5027 Acheronta
1101 4964 1144 5041 4,
1164 4961 1197 5024 8.
1219 4958 1319 5025 visit
1349 4957 1502 5024 officinas.
1524 4965 1563 5039 9,
1595 4960 1626 5023 1.
1650 4956 1834 5024 statuive.
1857 4959 1964 5038 18‚6.
1987 4955 2321 5048 Quantaparte(ut

535 5067 672 5154 conjecit
691 5066 734 5131 N.
748 5064 924 5148 Heinsius.)
946 5066 999 5147 11,
1024 5067 1075 5131 1⁰.
1097 5061 1247 5127 Dirces
1268 5060 1457 5126 laborantes.
1479 5062 1535 5141 sl,
1558 5060 1609 5122 le.
1633 5057 1797 5124 totidem
1819 5058 1967 5124 extollite.
1989 5061 2046 5142 8⁰,
2066 5062 2099 5126 ’1.
2116 5061 2320 5147 jurentur.

532 5167 578 5237 Π.
601 5168 659 5236 0d.
680 5171 721 5253 8,
742 5171 774 5233 8.
799 5168 920 5234 cineres
951 5170 1131 5256 apertos.
1152 5161 1209 5232 lv.
1233 5161 1291 5229 0d.
1312 5166 1354 5246 2,
1381 5165 1435 5227 28.
1457 5159 1582 5226 Aureus
1612 5157 1783 5226 deducit.
1806 5160 1906 5252 Epod.
1929 5164 1962 5245 8,
1985 5165 2040 5232 11.
2062 5162 2319 5251 alligaturam

530 5274 613 5364 juga
630 5277 665 5356 ’1,
687 5275 740 5343 lb.
762 5276 940 5356 manusque
961 5286 1195 5360 percussae.
1219 5263 1246 5331 1.
1270 5262 1337 5332 Sat.
1359 5268 1392 5350 1,
1411 5267 1467 5334 81.
1490 5263 1527 5333 Si
1547 5283 1638 5333 neme
1659 5269 1852 5352 praestat.
1874 5268 1908 5348 4,
1930 5266 1984 5335 11.
2005 5262 2086 5352 quod
2101 5265 2211 5334 tollere
2232 5287 2319 5357 pos·

2036 5381 2083 5447 ‘U
