5725 6392
1398 744 1451 821 aa

529 948 594 1037 ipsi
623 967 735 1012 versus
765 946 879 1036 scriptu
908 966 982 1014 asse
1010 945 1169 1029 videntur,
1199 943 1256 1009 aed
1285 944 1365 1031 qnod
1391 947 1498 1012 mhnm
1526 955 1593 1031 est,
1622 968 1727 1013 veram
1749 948 1899 1016 interdum
1920 952 2083 1020 lectionem
2105 952 2239 1022 afferunt
2259 977 2317 1047 pru

530 1056 689 1137 compta,
713 1070 799 1135 quam
822 1057 925 1117 tertia
954 1051 1064 1132 habet,
1098 1060 1131 1114 ut
1158 1049 1327 1132 hbrariurn,
1350 1050 1400 1135 qui
1422 1049 1558 1116 codicem
1586 1051 1731 1140 scripsit,
1752 1071 1815 1117 nou
1838 1052 1965 1119 eundem
1986 1056 2088 1123 iuisae
2111 1062 2321 1128 commentarii

531 1162 688 1217 auctorem
709 1161 808 1239 putes.
832 1189 873 1200 -
907 1151 1121 1240 Scriptura
1153 1153 1243 1239 hujus
1267 1151 1384 1217 codicis
1407 1153 1509 1241 plana,
1533 1153 1700 1241 aequabilis
1723 1161 1754 1218 et
1774 1154 1938 1239 luculenta,
1960 1157 2073 1223 litteris
2096 1163 2173 1226 satis
2195 1165 2318 1252 maguis

510 1326 512 1329 ,
532 1260 567 1321 11
585 1255 763 1344 pinguibus,
786 1255 918 1319 indolem
941 1254 1056 1319 saeculi
1076 1252 1164 1321 xlv.
1188 1256 1237 1319 cui
1259 1253 1393 1321 libertus
1416 1257 1533 1339 tribuit,
1556 1256 1612 1321 sed
1634 1257 1767 1322 ineuntis
1789 1259 1889 1345 magis
1913 1280 2000 1345 quam
2021 1265 2171 1348 postremi
2191 1286 2267 1351 prae
2284 1288 2320 1331 se
2352 1300 2357 1311 ·

530 1355 615 1439 iant,
644 1365 677 1422 et
697 1357 865 1443 majuscula
891 1364 923 1421 ot
948 1356 1119 1423 minuscula
1141 1356 1274 1423 Gothica
1295 1358 1460 1446 explicata,
1482 1366 1569 1425 recta
1591 1367 1622 1426 et
1644 1360 1785 1449 simphoi,
1807 1383 1865 1426 nec
1888 1359 2026 1427 ductibus
2049 1362 2157 1429 calami
2178 1364 2320 1434 distortis

531 1460 721 1549 posterioris
749 1461 879 1543 aetatis,
901 1482 959 1526 ucc
988 1461 1032 1525 ita
1060 1460 1161 1525 multis
1191 1461 1282 1548 siglis
1305 1470 1336 1526 et
1358 1462 1547 1551 compendiis
1570 1471 1700 1552 turpata
1744 1463 1889 1529 Litterae
1911 1464 2123 1552 longioresb.
2146 1467 2170 1532 i.
2192 1489 2224 1554 g.
2247 1468 2277 1533 h.
2297 1468 2320 1536 1.

530 1583 567 1651 p.
590 1582 619 1648 q.
640 1562 665 1627 1.
687 1563 738 1627 vel
760 1583 853 1663 supra
880 1563 929 1627 vel
955 1563 1039 1628 inira
1067 1564 1178 1646 lincam
1206 1563 1324 1629 modice
1352 1565 1514 1632 excedunt
1546 1566 1635 1632 evel
1656 1590 1679 1664 p
1699 1587 1756 1655 pro
1787 1587 1850 1649 ae,
1884 1588 1929 1632 oc
1953 1589 2073 1657 semper
2096 1567 2321 1655 (Meuanas,

532 1666 742 1750 camena)
733 1688 745 1730 ι
767 1665 816 1731 vel
842 1686 950 1751 purum
982 1665 1033 1731 vel
1054 1675 1182 1732 accentu
1203 1675 1350 1752 notatum,
1372 1667 1386 1733 i
1407 1668 1448 1750 (r'i
1470 1691 1607 1757 semper
1626 1668 1688 1752 dii,
1710 1668 1805 1754 allis)
1821 1670 1957 1757 puuctoi
1979 1693 2135 1757 nusquam.
2159 1669 2322 1759 dubiqua,

531 1787 599 1833 uon
627 1767 657 1836 d.
679 1776 750 1833 ret
771 1788 780 1834 ι
801 1769 985 1854 promiscue
1015 1791 1053 1834 m.
1075 1793 1106 1835 n.
1129 1791 1158 1838 u.
1192 1790 1283 1835 crura
1311 1770 1434 1837 lineolis
1465 1772 1547 1837 inter
1577 1774 1738 1859 sejuncta
1760 1772 1883 1837 habent.
1905 1772 2031 1859 gillius
2055 1774 2165 1839 aetatis
2194 1775 2324 1861 figuram
2376 1840 2380 1848 ,

532 1870 646 1955 relart,
667 1871 780 1937 ini-ra
772 1894 805 1937 ιιι
826 1872 984 1937 commatis
1006 1872 1125 1936 inversi
1145 1872 1275 1938 formam
1298 1873 1497 1940 desinentem.
1521 1875 1537 1939 1
1555 1875 1712 1963 longum
1703 1897 1736 1939 ru
1756 1874 1819 1938 fine
1840 1896 1949 1939 vocum
1971 1876 2085 1958 rarius,
2109 1876 2324 1965 splerumquc,

528 1973 706 2060 urbique,
734 1996 799 2039 uon
826 1995 865 2058 v,
895 1980 926 2039 ct
953 1974 1041 2040 initio
1071 1995 1189 2041 vocum.
1235 1975 1325 2063 sigla
1347 1963 1378 2043 et
1401 1978 1580 2064 compendia
1603 1981 1775 2067 scripturae
1796 1976 1949 2064 vulgaria,
1973 1976 1991 2043 7
2015 1986 2063 2062 et,
2085 1982 2253 2061 Dcon,e
2275 1978 2326 2045 val

529 2075 666 2160 ·,'·est.
687 2077 837 2142 Punctum
848 2078 946 2162 majus
958 2077 1035 2142 iere
1033 2097 1093 2166 pro
1107 2099 1189 2142 omns
1179 2077 1410 2146 distinctione.
1421 2117 1466 2129 ·-
1484 2081 1830 2170 orthographiavucum
1838 2080 1990 2167 antiquam
2002 2081 2325 2147 consuetudinemnou

531 2181 645 2268 ubique
667 2187 790 2245 servat:
815 2179 956 2246 Ulixes
979 2180 1111 2266 quidem,
1133 2181 1257 2266 milia,
1279 2182 1408 2266 belua,
1432 2185 1559 2268 obice,
1583 2185 1739 2251 totiens
1755 2183 1793 2248 al.
1809 2174 2051 2272 scd-iupiter,
2072 2189 2324 2270 percunctor,

530 2283 671 2366 michi,
706 2282 851 2365 nichil,
891 2281 1090 2365 habunde,
1119 2281 1256 2367 holus,
1293 2287 1464 2352 cathena
1493 2289 1625 2370 (ebrus
1662 2296 1782 2368 1111111,
1821 2284 1962 2366 edera,
1998 2285 2137 2361 arenul
2173 2293 2206 2350 ut
2241 2284 2324 2352 codi-

532 2408 601 2453 cem
623 2384 768 2452 initalia
789 2386 936 2469 scriptum
957 2391 1066 2471 potem
1089 2404 1106 2446 c
1127 2404 1184 2470 pro
1207 2393 1220 2447 t
1240 2384 1415 2473 pleramque
1445 2390 1625 2470 (vicium,
1655 2388 1808 2474 gracia,
1830 2386 2021 2469 inscicia,
2045 2386 2244 2470 condicio,
2268 2409 2325 2453 sa·

534 2488 662 2570 dicio,
692 2486 921 2574 sapiencia)
943 2486 955 2549 i
975 2505 1032 2572 pro
1054 2506 1077 2571 y
1098 2485 1277 2571 frequenter
1299 2487 1484 2571 (linceus,
1508 2487 1695 2577 Olimpia)
1716 2511 1736 2577 p
1759 2489 1840 2553 iuter
1860 2509 1923 2569 mu,
1946 2509 2010 2563 ms,
2033 2495 2077 2552 mt
2098 2491 2326 2576 (sompnus,

533 2592 755 2677 alumpnus,
779 2588 959 2676 sumpsit,
982 2594 1146 2676 emptus,
1170 2593 1431 2678 contempno).
1455 2590 1497 2641 ὲ-
1518 2590 1663 2655 Lectio
1686 2591 1777 2676 hujus
1800 2588 2039 2655 codicisebouo
2060 2597 2224 2655 etvetusto
2247 2589 2327 2657 libra

532 2693 678 2783 proiecta
698 2690 873 2779 plerumque
896 2690 973 2755 satis
996 2696 1081 2754 recta
1104 2697 1135 2754 et
1156 2689 1315 2756 emendata
1337 2697 1398 2774 ast,
1419 2712 1483 2756 nou
1505 2698 1605 2756 umen
1626 2691 1713 2758 vitiis
1735 2692 1800 2757 suis
1823 2700 1921 2774 11111,
1943 2692 2070 2756 vocibus
2089 2690 2139 2756 vel
2151 2690 2326 2780 depravatis

534 2796 587 2864 rel
612 2793 813 2881 transpositis
843 2792 892 2857 vel
920 2792 1056 2858 amissis.
1101 2790 1165 2857 Sed
1193 2792 1339 2858 nonnulla
1370 2799 1471 2859 umen
1497 2794 1625 2882 propria
1651 2793 1733 2859 bona
1760 2794 1863 2876 habet,
1886 2800 1920 2859 nt
1940 2794 1990 2858 hic
2012 2795 2092 2858 liber
2113 2814 2180 2859 cum
2201 2802 2329 2883 propter

534 2899 634 2981 haec,
662 2902 723 2960 tum
753 2903 879 2984 propter
904 2894 1151 2960 commentarium
1179 2895 1304 2982 cognitu
1335 2897 1459 2962 omnino
1493 2896 1694 2985 dignissimus
1725 2897 1776 2964 sit.
1818 2894 1872 2960 Ad
1897 2894 2107 2984 Epistularum
2135 2896 2329 2963 lectionesa

535 2998 693 3069 Schmidia
714 2995 755 3066 V.
781 2995 831 3062 Cl.
853 2996 874 3061 l.
898 3019 924 3063 c.
947 2997 1088 3084 vulgatas
1111 2997 1257 3062 nonnulla
1279 2997 1488 3088 supplementa
1509 3021 1550 3064 ex
1571 2999 1629 3088 Ep.
1654 3005 1683 3066 l.
1706 3002 1792 3064 112.
1816 2997 1971 3063 addemus.
2002 2997 2061 3087 Ep.
2083 3001 2116 3082 1,
2140 3001 2192 3068 12.
2215 2998 2327 3088 depro-

536 3125 623 3171 mere
644 3095 815 3191 passum.
837 3103 888 3164 111.
911 3120 1075 3165 mersor.
1097 3101 1149 3163 18.
1171 3098 1354 3187 1111111111,
1376 3101 1502 3165 relabor
1522 3102 1571 3183 (in
1586 3099 1704 3170 Corum.
1726 3107 1971 3189 praecepta).
1995 3103 2046 3164 lu.
2060 3101 2258 3188 subjungere.
2273 3104 2328 3170 88.

536 3207 655 3275 misera
675 3203 781 3287 (deest
802 3204 886 3288 que)
909 3199 1059 3290 cupidine.
1081 3203 1135 3265 84.
1159 3200 1295 3267 linire.
1306 3205 1360 3266 48.
1384 3200 1521 3266 dicere
1544 3201 1703 3267 etaudirc.
1726 3204 1779 3266 aa.
1802 3203 1938 3287 quirem
1961 3202 2092 3268 iacies
2114 3224 2189 3267 rem.
2213 3206 2267 3270 ua.
2291 3200 2328 3269 si

535 3307 675 3379 iacies
705 3311 790 3371 recte
819 3305 867 3386 (iu
889 3303 1008 3370 Comm.
1037 3304 1067 3369 si
1094 3304 1262 3393 possis).
1282 3308 1337 3372 18.
1366 3303 1530 3371 frustis.
1551 3307 1604 3371 at.
1627 3305 1659 3370 iu
1682 3302 1752 3369 aula
1772 3301 1851 3384 (def.
1875 3302 1961 3386 est).
1982 3302 2035 3368 DB.
2056 3311 2188 3368 nauseat
2208 3311 2247 3369 ut
2266 3304 2327 3371 loc.

530 3430 774 3443 -0—-n—u—

657 3509 717 3548 uus
733 3508 877 3546 sammua
900 3494 943 3560 qni
968 3493 1052 3546 estin
1069 3492 1175 3547 introitu
1193 3492 1241 3546 iori
1259 3508 1343 3559 usqne
1361 3492 1394 3544 ad
1413 3492 1520 3545 exitum.
1537 3492 1659 3546 insanas
1677 3490 1720 3557 qui
1740 3488 1856 3542 habitant
1874 3489 1901 3543 iu
1917 3488 2023 3542 introitu
2042 3488 2098 3543 tori
2128 3488 2166 3543 ab
2184 3489 2262 3556 tuso,
2284 3492 2328 3560 qai

654 3579 757 3633 suntin
775 3580 826 3630 tina
844 3579 892 3631 tori
910 3579 935 3629 in
954 3579 1024 3630 exitu
1043 3576 1113 3644 quod
1131 3584 1172 3630 111
1189 3579 1232 3643 qui
1250 3579 1360 3630 suntab
1379 3576 1484 3629 introitu
1501 3575 1549 3629 tori
1567 3573 1700 3641 usquead
1718 3576 1822 3628 exitum.
1841 3601 1875 3612 -

720 3661 771 3731 Bp.
789 3667 816 3726 B,
835 3665 876 3715 11.
896 3659 991 3714 Nestor
1007 3679 1157 3732 componere
1173 3662 1232 3714 lites
1251 3661 1321 3714 ister
1337 3660 1444 3713 Pelides
1455 3661 1571 3726 festinat
1595 3667 1621 3713 11
1644 3660 1714 3712 inter
1737 3659 1856 3712 Atriden.
1897 3655 2007 3713 Achilles
2030 3659 2182 3727 Lyrnesium
2205 3659 2327 3729 oppidum

653 3747 809 3817 expugnarit
834 3752 862 3799 11
879 3747 912 3798 ibi
932 3747 1074 3799 Briseidem
1097 3748 1190 3815 rapuit.
1215 3746 1292 3798 Unde
1310 3744 1450 3797 Ovidius
1473 3746 1504 3796 in
1522 3744 1678 3811 Epistola
1697 3743 1772 3808 (ller.
1789 3747 1822 3807 a,
1838 3743 1898 3809 aa.)
1916 3743 2027 3796 Diruta
2045 3743 2155 3797 Marta
2173 3751 2230 3798 tuo
2247 3747 2327 3813 Lyr-

654 3835 750 3888 nesia
772 3831 903 3884 moenia
926 3832 1000 3883 ridi.
1042 3831 1140 3884 lterum
1165 3834 1344 3898 Agamemnon
1368 3828 1538 3896 Chryseidam
1561 3829 1641 3886 tiliana
1662 3827 1796 3894 cnjusoem
1818 3827 1964 3882 sacerdotis
1987 3827 2087 3882 Phoebi
2112 3831 2208 3897 rapuit.
2250 3830 2327 3883 Unde

653 3917 779 3973 Phoebus
797 3917 925 3970 continuis
943 3916 1062 3984 precibus
1078 3917 1118 3967 sni
1135 3915 1281 3969 anecdotis
1302 3915 1419 3982 pulsatus
1435 3922 1536 3982 pestem
1553 3912 1729 3978 anahaimam
1743 3914 1851 3965 Graecis
1863 3914 1967 3965 immisit
1979 3913 2046 3967 adeo
2060 3920 2088 3966 nt
2102 3915 2254 3967 catervatim
2266 3929 2325 3969 ruu-

654 4009 780 4057 rsreutur.
812 4000 904 4066 ltaque
925 4000 1032 4053 deorum
1054 4002 1238 4054 consuluerunt
1257 4000 1388 4053 oraculum
1408 4015 1459 4064 quo
1472 3998 1550 4050 modo
1563 3997 1643 4063 pestis
1657 3997 1699 4047 ilia
1713 4004 1838 4049 censeret.
1868 3994 1988 4049 Tandem
2002 4013 2048 4049 rex
2062 4006 2169 4049 coactus
2180 3998 2251 4050 iiiam
2265 3998 2326 4053 rad·

656 4088 733 4152 dere,
751 4095 778 4139 11
795 4100 843 4135 suo
861 4083 1000 4135 destitutus
1019 4099 1109 4136 amors
1126 4081 1216 4136 Achilli
1234 4099 1308 4136 snam
1328 4083 1433 4134 abstulit
1457 4081 1610 4133 Briseidem.
1641 4080 1718 4132 Unde
1738 4078 1849 4131 Achillea
1867 4080 1902 4133 ob
1918 4082 2014 4133 illatam
2031 4081 2080 4132 sibi
2098 4082 2215 4148 iujuriam
2236 4084 2327 4148 iratus,

653 4171 762 4225 Graccis
780 4184 854 4221 snum
872 4169 976 4235 negarit
1000 4168 1123 4220 auritium
1142 4173 1169 4219 11
1187 4183 1275 4221 rerum
1297 4169 1403 4219 muitum
1424 4166 1537 4220 intestati
1554 4172 1640 4217 sunta
1664 4163 1793 4230 Troianis.
1830 4163 1928 4217 Nestor
1951 4179 2013 4218 sero
2031 4172 2060 4218 ut
2077 4165 2167 4218 Achilli
2184 4166 2327 4222 Briseidem

653 4265 756 4328 raptam
775 4257 904 4320 redderet,
925 4268 1014 4320 regem
1027 4251 1186 4304 hortabatur.
1217 4252 1364 4304 Honestum
1382 4258 1470 4304 autem
1491 4258 1518 4303 11
1535 4251 1598 4303 utils
1613 4247 1663 4302 hoc
1675 4257 1739 4303 erat
1752 4248 1888 4302 honestum
1902 4255 1959 4302 erat
1970 4256 1999 4302 ut
2011 4249 2100 4303 Achilli
2110 4266 2184 4303 auam
2197 4253 2326 4316 redderet,

648 4345 719 4398 ’11111
736 4358 798 4398 vero
815 4340 993 4408 recuperando
1012 4338 1133 4390 auritium
1152 4334 1265 4389 Achillis.
1292 4336 1400 4389 Atrides
1419 4335 1469 4389 boc
1485 4335 1601 4400 uolebat,
1616 4334 1688 4401 quod
1704 4332 1869 4387 inhonestum
1881 4342 1946 4399 1111,
1963 4342 1992 4387 ut
2003 4337 2086 4388 atiena
2098 4337 2225 4405 potiretur
2236 4351 2326 4401 asora,

654 4430 742 4484 11111111
762 4426 832 4494 qnod
851 4425 970 4479 1111111111
983 4423 1087 4477 Achillis
1106 4421 1165 4475 ideo
1181 4421 1229 4473 sibi
1244 4420 1410 4489 denegatum.
1429 4449 1464 4461 -

721 4513 779 4581 Ep.
794 4516 888 4566 1130.
903 4511 997 4562 Alter
1018 4508 1133 4561 Mileti
1153 4513 1281 4559 textam
1301 4523 1382 4561 cane
1401 4506 1498 4574 pejus
1518 4514 1545 4560 et
1563 4503 1806 4573 augnaritablt
1826 4500 2046 4572 chlamydem.
2066 4522 2091 4571 q.
2106 4505 2130 4557 d.
2146 4504 2220 4558 citius
2236 4510 2328 4572 tangat

652 4615 744 4656 111111
762 4595 912 4649 mordacem
930 4593 970 4645 vel
990 4607 1101 4658 anguem
1121 4606 1199 4657 qnam
1219 4599 1317 4644 restem
1336 4606 1490 4660 pnrpuream
1511 4598 1538 4644 11
1559 4588 1610 4643 hoe
1628 4589 1722 4659 probat
1732 4574 1837 4642 iactum
1855 4589 2003 4642 Alexandri.
2029 4588 2160 4654 Siquidem
2179 4587 2326 4644 Alexander

655 4685 768 4738 militaus
785 4683 842 4735 iniit
861 4681 966 4734 domum
981 4677 1104 4743 Diogenis
1117 4677 1160 4728 ubi
1172 4691 1202 4728 se
1213 4675 1361 4728 balneabat
1387 4679 1434 4727 ,etl
1435 4675 1534 4729 rander
1546 4675 1608 4727 vidit
1628 4675 1691 4728 vites
1704 4689 1805 4744 pannos
1817 4681 1844 4728 11
1856 4674 1980 4741 quaesivit
1992 4673 2065 4737 cnjus
2081 4679 2177 4725 111111.
2199 4671 2328 4727 Direruut

657 4768 728 4837 quod
747 4776 834 4821 111111
851 4764 985 4833 Diogenis.
1010 4761 1093 4813 lussit
1111 4762 1199 4829 itaque
1216 4759 1345 4827 quendam
1367 4763 1448 4823 srmig
1451 4776 1521 4812 eram
1534 4769 1563 4816 m
1578 4761 1745 4816 sustolleret
1764 4759 1935 4825 etsplendida
1949 4763 2100 4809 ornamenta
2111 4756 2146 4807 ibi
2159 4763 2324 4825 poneremus.

659 4854 696 4908 Bt
712 4856 750 4907 ita
763 4853 858 4908 tactu·
878 4858 927 4905 ast
944 4850 1012 4902 curu
1030 4852 1120 4898 antem
1133 4846 1266 4913 Diogenes
1285 4846 1368 4899 exiret
1385 4845 1468 4898 del'
1437 4847 1528 4899 aneia
1543 4845 1635 4900 ridens
1649 4847 1691 4898 iiia
1709 4842 1843 4911 splendida
1866 4846 2017 4894 ornamenta
2035 4843 2141 4911 expavit
2159 4848 2186 4893 11
2194 4843 2275 4895 uolua
2284 4843 2326 4897 dla

658 4949 767 5007 tangas
785 4947 811 4990 11
829 4938 927 5003 frigore
948 4931 1035 5000 coepit
1052 4931 1149 4997 aigae.
1173 4930 1325 4984 Abscedens
1345 4932 1455 4995 itaqur.
1458 4934 1594 4983 veranum
1614 4931 1712 4981 remisit
1724 4925 1851 4991 quendam
1866 4941 1967 4978 servam
1979 4941 2051 4979 suum
2066 4926 2100 4978 ad
2115 4925 2249 4978 ridendum
2262 4927 2326 4995 qnid

658 5024 766 5078 iaceret
790 5022 833 5088 qui
852 5021 946 5074 videus
959 5002 1028 5071 iilum
1042 5022 1192 5085 pereuntem
1209 5015 1307 5082 frigore
1325 5033 1410 5068 rerer
1414 5030 1442 5064 ιι
1432 5017 1533 5065 send
1544 5027 1601 5077 gem
1616 5012 1694 5063 dixit:
1712 5011 1875 5062 morietur
1892 5010 2030 5078 frigore.
2065 5008 2326 5073 Quidamautemdl·

659 5118 722 5164 cunt
743 5107 812 5172 quod
826 5107 973 5174 Aristippus
992 5100 1080 5154 sidens
1098 5115 1127 5151 11
1144 5114 1196 5151 nou
1215 5117 1293 5167 posse
1307 5101 1450 5169 Diogenem
1467 5100 1551 5152 serbi
1540 5110 1697 5165 superare,
1715 5094 1879 5149 voluitiactis
1892 5112 1950 5150 enm
1963 5110 2095 5163 superare.
2129 5096 2325 5164 lusitavitergo

661 5210 720 5249 eum
734 5191 767 5243 ad
786 5191 905 5244 baiocum
922 5197 1001 5254 atque
1013 5185 1103 5238 iuratis
1116 5183 1398 5260 omnibusjndumemis
1411 5183 1543 5253 splendida
1561 5181 1674 5249 reposuit
1686 5181 1835 5233 indumenta
1848 5189 1875 5234 11
1886 5182 2030 5235 abscedens
2039 5182 2116 5248 jussit
2130 5180 2255 5248 quendam
2268 5194 2325 5232 ser-

657 5293 717 5333 m
735 5291 810 5329 11ιιιι
824 5282 853 5328 nt
871 5274 971 5327 rideret
985 5272 1046 5340 quid
1057 5271 1163 5325 1111111
1184 5268 1227 5333 qui
1245 5268 1334 5323 1111111
1345 5285 1404 5324 eun
1415 5287 1432 5324 a
1445 5266 1585 5338 splendidis
1598 5267 1713 5322 11111111
1724 5266 1905 5336 truncantem
1918 5266 2042 5321 11111111·
2050 5273 2182 5320 reverteas
2193 5265 2227 5320 ad
2239 5264 2324 5331 domi·

657 5380 719 5422 naus
736 5377 812 5419 saun
832 5359 910 5414 distr
933 5359 1100 5414 moriatur
1120 5354 1254 5422 frigora
1273 5359 1323 5408 etc
