5725 6392
1400 685 1453 762 db

528 893 615 953 asiaca
636 898 766 952 montes
790 887 988 969 (Fulmina
1008 907 1065 978 pro
1087 885 1269 976 Fulgura
1290 888 1390 955 nullus
1413 910 1454 954 ex
1474 889 1592 955 nocuis
1616 892 1647 953 et
1668 889 1795 955 abarum
1818 888 1926 956 codd:
1950 891 2039 958 modo
2061 913 2135 958 mss.
2162 913 2209 982 ap.
2224 892 2322 960 Torr.

530 998 563 1055 et
579 989 686 1055 Fsam.
705 986 786 1057 Edd.
809 998 882 1055 vett.
904 991 1044 1072 multae).
1066 989 1093 1054 1.
1106 988 1272 1081 Epist'ld.
1294 998 1368 1080 post
1390 1013 1419 1057 r.
1440 992 1495 1056 62.
1518 1012 1630 1057 versus
1651 991 1853 1080 interpolatus
1875 992 2008 1081 legitur:
2033 993 2178 1061 Oderunt
2191 1017 2324 1079 peecare

529 1096 610 1156 moli
619 1094 795 1174 fomidime
811 1115 935 1178 poenae
955 1093 1096 1183 (praeter
1118 1092 1206 1159 codd.
1231 1093 1269 1158 ab
1291 1091 1427 1159 0bbario
1450 1092 1489 1158 ad
1510 1093 1540 1158 b.
1563 1093 1583 1159 1.
1607 1091 1804 1160 citatosBas.
1828 1099 1859 1159 1.
1881 1099 1912 1161 2.
1936 1117 1954 1161 e
1975 1096 2322 1185 nostris).-Deuique

529 1201 657 1283 praeter
677 1194 786 1260 multas
807 1194 951 1261 lectionis
973 1192 1166 1262 differentias
1189 1196 1222 1260 in
1244 1183 1395 1285 exemplis
1415 1196 1657 1281 vetustissimis,
1680 1195 1759 1262 unde
1782 1196 1906 1262 codices
1930 1217 2007 1284 quos
2028 1199 2194 1283 babemus,
2216 1220 2322 1266 omnes

530 1297 711 1387 transcripti
723 1312 805 1380 sunt,
814 1297 993 1364 innumerae
1008 1299 1175 1366 varietates
1189 1299 1254 1385 jam
1268 1297 1340 1365 inde
1355 1297 1509 1364 asaeeulo
1523 1297 1565 1364 X.
1576 1298 1770 1365 librariorum
1781 1299 1832 1365 vel
1851 1298 2031 1387 emendandi
2047 1299 2185 1384 libidine,
2207 1301 2259 1366 vel
2275 1303 2322 1367 in·
2419 1286 2428 1296 ’

529 1399 628 1482 cuma,
651 1411 777 1487 stupore
799 1405 832 1463 et
851 1401 1004 1490 imperitia
1024 1402 1057 1467 in
1079 1400 1203 1467 codices
1226 1423 1301 1468 mss.
1323 1408 1542 1491 pervenerunt,
1565 1423 1584 1466 a
1605 1400 1728 1466 saeculo
1750 1402 1784 1467 in
1805 1399 1959 1466 saeculum
1980 1409 2101 1486 auctae,
2122 1409 2157 1469 ut
2173 1411 2324 1469 certem-

529 1499 733 1587 tiquissimm
756 1521 901 1589 quemque
922 1502 1050 1588 librum,
1080 1524 1138 1591 quo
1168 1506 1296 1594 propius
1318 1525 1338 1568 a
1359 1504 1492 1569 vetustis
1523 1502 1665 1570 lectionis
1693 1503 1830 1569 sontibus
1860 1503 1974 1587 abiait,
2005 1525 2042 1570 eo
2071 1505 2168 1595 pluris
2197 1504 2324 1588 habere,

529 1602 756 1668 recentioribus
769 1612 880 1688 autem,
892 1606 954 1670 nisi
971 1606 1103 1695 originis
1117 1626 1158 1671 ax
1175 1607 1402 1695 praestantiore
1420 1606 1521 1695 aliquo
1532 1614 1639 1672 velere
1652 1604 1820 1696 exemplari
1832 1612 1918 1672 certa
1930 1606 2045 1672 indicia
2054 1629 2129 1696 prae
2151 1629 2187 1673 se
2209 1607 2323 1690 lerant,

529 1705 630 1769 minus
652 1703 725 1768 fidei
747 1706 902 1790 tribuere,
930 1716 1063 1774 ceterum
1084 1709 1117 1774 in
1140 1716 1225 1774 tanto
1248 1708 1465 1799 exemplarium
1487 1708 1651 1793 dissensu,
1673 1730 1778 1799 puram
1800 1714 1832 1775 et
1851 1709 2004 1797 integram
2025 1716 2137 1798 politae
2160 1710 2322 1776 lectionem

532 1815 565 1870 et
586 1800 740 1872 scribendi
762 1808 914 1875 rationem
935 1811 968 1876 in
988 1811 1071 1877 nullo
1094 1811 1218 1877 omnino
1240 1812 1346 1901 inesse
1368 1823 1550 1902 persuasum
1571 1811 1687 1878 babere
1710 1810 1885 1877 debeamus.

616 1908 678 1974 His
690 1929 766 1996 quae
779 1907 876 1975 adhuc
888 1910 1121 2001 disputavimus,
1134 1913 1211 1979 satis
1223 1915 1381 2002 probatum
1394 1935 1467 1980 esse
1478 1922 1629 2004 putamus,
1642 1935 1683 1979 ex
1694 1914 1850 1980 codicibus
1861 1913 2056 1999 Horatianis,
2069 1922 2215 2003 quotquot
2226 1914 2324 1981 adbuc

531 2012 650 2100 cogniti
662 2018 746 2096 sunt,
757 2012 839 2078 inter
849 2034 885 2079 se
899 2015 1018 2080 collatis
1030 2035 1089 2081 nec
1100 2036 1139 2082 ea
1150 2017 1346 2104 cognationis
1357 2017 1440 2081 inter
1449 2018 1536 2106 ipsos
1548 2015 1684 2104 vestigia
1693 2038 1789 2110 posse
1802 2017 1891 2100 erui,
1909 2018 2016 2104 quibus
2029 2017 2066 2083 ad
2078 2039 2167 2084 unam
2178 2017 2326 2105 quandam

531 2113 732 2205 principalem
744 2115 926 2204 scriptorum
934 2116 1059 2183 Horatii
1068 2119 1281 2184 recensionem
1293 2126 1346 2184 aut
1357 2118 1396 2185 ad
1407 2119 1525 2209 plures,
1543 2118 1623 2185 unde
1634 2119 1741 2185 variae
1753 2140 1858 2186 eorum
1870 2119 1985 2209 stirpes
1998 2118 2175 2186 aciamiliae
2188 2139 2324 2208 progna-

531 2225 584 2282 tae
606 2217 680 2300 sint,
702 2217 901 2307 probabiliter
923 2217 1083 2285 ducamur:
1105 2241 1163 2284 nec
1185 2221 1307 2286 omnino
1329 2221 1362 2286 in
1384 2219 1579 2287 differentiae
1600 2225 1682 2286 inter
1703 2242 1759 2287 eos
1782 2223 1953 2287 constantis
1975 2222 2115 2310 origines
2126 2221 2218 2287 facile
2228 2241 2326 2310 posse

531 2319 660 2406 inquiri:
683 2318 949 2408 fatendumpotius
962 2342 1048 2402 esse,
1059 2318 1203 2386 lectionis
1215 2323 1382 2387 uariemtes
1397 2320 1478 2386 baud
1490 2343 1604 2411 paucas
1617 2330 1706 2410 atque
1718 2321 1796 2388 adeo
1808 2322 2064 2412 interpolationes
2085 2344 2147 2388 non
2169 2322 2324 2390 codicibus

532 2420 624 2487 modo
646 2423 696 2508 qui
718 2428 855 2503 enatam,
879 2421 935 2486 sed
956 2422 1035 2511 ipsis
1058 2421 1235 2488 scholiastis
1257 2422 1416 2489 ueteribus
1439 2444 1512 2490 esse
1535 2424 1737 2511 antiquiores,
1760 2433 1875 2490 utnon
1899 2424 1949 2489 diu
1971 2433 2043 2513 post
2053 2423 2178 2490 Horatii
2195 2431 2326 2491 selaoem

532 2546 576 2590 ex
597 2521 868 2590 Grammaticorum
890 2523 1007 2590 scholis
1029 2532 1061 2589 et
1079 2524 1274 2590 librariorum
1294 2524 1345 2590 vel
1367 2525 1527 2592 erroribus
1556 2525 1605 2591 vel
1634 2525 1758 2591 licentia
1781 2528 1933 2614 originem
1956 2525 2083 2592 duxisse
2105 2534 2137 2591 et
2157 2548 2214 2616 per
2235 2527 2327 2593 mults
2403 2602 2407 2611 Ι

532 2626 723 2718 exemplaria
743 2625 899 2714 descripta
918 2626 952 2692 in
973 2647 1080 2693 omnes
1102 2633 1204 2693 terras
1227 2625 1426 2693 disseminata
1448 2647 1522 2692 asse
1543 2626 2165 2714 videantur.-Quamobremnibilnobis
2178 2629 2325 2716 reliquum

657 2833 832 2900 decantatum,
850 2838 921 2903 qaod
938 2845 1043 2907 postero
1062 2841 1140 2893 etiam
1157 2840 1264 2894 saeculo
1282 2837 1383 2894 Vettius
1401 2840 1514 2908 Agerius
1531 2839 1622 2893 consul
1640 2838 1775 2892 &manus
1792 2852 1822 2891 se
1840 2853 1947 2907 puerum
1965 2839 2032 2906 patri
2050 2854 2082 2892 se
2094 2838 2171 2891 matri
2185 2850 2249 2889 suae
2260 2850 2325 2890 ean-

656 2908 728 2956 essse
751 2903 864 2957 affirmat
886 2906 922 2972 (r.
940 2923 998 2976 sup.
1016 2925 1042 2976 p.
1058 2911 1114 2973 24.)
1148 2906 1285 2977 Eiusmodi
1309 2910 1418 2976 bymnos
1439 2909 1508 2960 sacri
1530 2915 1622 2960 cantus
1644 2923 1724 2959 causa
1753 2907 1913 2974 compositos
1938 2908 2050 2959 carmina
2073 2907 2098 2959 lu
2116 2905 2327 2958 Mercurium

658 2970 680 3032 1,
699 2975 740 3024 to.
766 2979 793 3025 et
815 2974 848 3026 in
877 2973 1016 3029 Dianam
1040 2983 1143 3042 atque
1167 2978 1364 3043 Apollinem
1388 2977 1408 3041 l,
1425 2981 1468 3027 21.
1487 2975 1568 3028 inisse
1597 2982 1725 3043 putamus.
1767 2975 1824 3027 Alia
1850 2975 1950 3028 Horatii
1976 2975 2089 3027 carmina
2115 2972 2157 3025 rel
2182 2971 2327 3038 posteriora

658 3046 747 3092 aetate
768 3043 865 3094 mutari
889 3044 967 3098 solita
991 3044 1071 3097 fuisse
1087 3052 1206 3097 notarum
1223 3045 1378 3098 musicarum
1395 3044 1504 3109 vestigia
1522 3044 1547 3094 in
1564 3058 1643 3095 carm.
1662 3042 1716 3103 111,
1732 3047 1764 3107 9,
1787 3039 2327 3110 et1s.tmcrtpsstneod.1.ts.l.ee·
2365 3090 2369 3100 ,

657 3109 772 3172 clarent,
790 3109 876 3175 qualis
893 3114 971 3167 etiam
989 3113 1178 3180 Venderbourg
1195 3114 1222 3167 iu
1243 3114 1297 3166 suis
1322 3127 1383 3164 msa
1407 3111 1513 3179 reperit.
1547 3112 1634 3175 Atque
1656 3123 1720 3162 sane
1737 3111 1778 3163 rel
1796 3101 1872 3163 bodie
1889 3111 2052 3163 nobileillud'
2065 3125 2169 3164 carmen
2199 3112 2266 3172 ‚n
2279 3106 2326 3159 is·

656 3182 732 3245 teger
742 3176 812 3231 sitae
822 3179 891 3246 apud
908 3197 956 3235 nos
974 3190 1102 3235 esnmrnr.
1123 3208 1155 3220 -
1171 3181 1245 3249 Ergo
1262 3190 1354 3236 cautus
1371 3195 1452 3234 causa
1470 3177 1555 3231 omnia
1569 3193 1617 3231 sua
1634 3178 1747 3230 carmina
1764 3183 1890 3231 tetrastro
1909 3178 1941 3233 ba
1958 3179 2064 3231 tinxisse
2079 3177 2215 3230 Heredum
2233 3176 2339 3256 statui:

655 3234 1653 3382 mmmmm
1663 3196 2111 3381 {camaldulum
2187 3244 2328 3380 aaa

657 3333 904 3437 amisispliomarsa
920 3387 995 3456 aig-ui
1011 3389 1106 3440 darier
1123 3387 1205 3439 Ilia.“
1221 3392 1334 3452 utquam
1351 3387 1406 3452 ipse
1418 3385 1535 3437 inCarm.
1549 3382 1570 3445 1,
1586 3386 1611 3434 8.
1624 3390 1652 3434 et
1664 3386 1705 3436 1³.
1722 3381 1783 3434 olim
1790 3382 1964 3435 celebrasseta
1982 3383 2022 3433 vel
2031 3353 2088 3434 eum
2095 3381 2128 3434 ad
2137 3351 2231 3446 ’l’syden
2239 3379 2329 3432 scribit

662 3449 709 3501 Od.
727 3449 776 3516 ΠΙ,
791 3455 842 3503 oes
862 3452 918 3505 Nos
936 3457 1095 3509 cantabimus
1112 3456 1219 3507 mulceas
1235 3453 1381 3523 Neptunum
1393 3452 1525 3506 etuisidss
1542 3449 1682 3503 Nereidum
1699 3467 1801 3503 comas:
1822 3449 1861 3501 lis
1873 3467 1951 3503 curua
1967 3450 2065 3504 recines
2081 3451 2139 3517 lyra
2158 3447 2290 3500 Massam
2302 3455 2328 3502 st

657 3520 746 3572 celeris
762 3521 863 3589 spicula
876 3522 1019 3590 Opellius,-
1036 3531 1062 3578 et
1079 3524 1117 3578 sie
1134 3523 1168 3576 de
1184 3523 1341 3576 carminibus
1357 3521 1437 3590 ipsius
1454 3520 1648 3574 contumeliosis
1671 3519 1711 3571 sul
1732 3536 1749 3571 o
1769 3520 1867 3572 cantari
1885 3519 1968 3572 solitis
1986 3517 2150 3586 accipiendos
2167 3516 2328 3583 putolocoss

657 3587 694 3650 Π,
713 3588 770 3641 Sat.
783 3589 805 3652 Ι,
821 3592 865 3643 44.
902 3591 1000 3657 Asiae,
1018 3593 1112 3662 quisse
1128 3592 1259 3644 comemt
1274 3591 1378 3658 (melius
1393 3596 1469 3643 aaut
1526 3604 1577 3650 ere,
1592 3586 1687 3653 dama)
1738 3588 1798 3651 abit,
1814 3595 1839 3641 et
1856 3587 2039 3656 iasigmistota
2053 3584 2328 3638 anastomotica

661 3654 745 3724 lipod.
766 3662 807 3721 11,
825 3661 851 3723 b,
868 3663 894 3711 9.
1001 3668 1058 3713 eat
1069 3661 1157 3713 urbem
1167 3660 1295 3711 nomiari
1379 3658 1386 3674 ‘
1409 3657 1484 3710 meai
1525 3664 1627 3709 enasse
1644 3657 1722 3708 etism
1739 3654 1826 3722 lipod.
1845 3660 1887 3720 11,
1903 3660 1928 3708 1.
1949 3655 2017 3720 „beu
2029 3672 2079 3719 me,
2094 3654 2247 3722 perurbem,
2264 3669 2328 3706 asam

657 3724 738 3792 pudet
754 3726 825 3778 tamti
840 3729 915 3792 mali,
954 3730 1034 3782 abula
1126 3737 1156 3782 ta
1173 3728 1255 3794 ,ΜΝ
1277 3727 1385 3782 Scricet
1410 3729 1463 3778 suis
1489 3725 1567 3792 ipsius
1584 3726 1739 3778 carminibus
1756 3724 1896 3776 amatoriis.
1914 3749 1948 3762 ·-
1968 3723 2016 3774 His
2033 3723 2157 3786 adducor,
2177 3727 2204 3772 nt
2222 3720 2328 3773 ulterius

659 3794 736 3845 etiam
760 3795 913 3861 progrediar
934 3804 961 3849 et
985 3799 1025 3849 rel
1074 3798 1181 3866 podos
1203 3796 1271 3864 (qus
1294 3803 1381 3849 tamen
1405 3793 1580 3863 appellatione
1602 3793 1726 3848 Horatius
1750 3808 1808 3845 uum
1828 3806 1887 3844 uam
1912 3799 1953 3844 est
1971 3792 2066 3857 usus),
2083 3790 2144 3841 illud
2162 3803 2266 3841 carmen
2284 3794 2326 3842 17.

659 3862 737 3914 meru
754 3864 861 3915 senariis
874 3864 995 3931 iambicis
1016 3875 1140 3921 comtum
1164 3866 1186 3917 sl
1208 3864 1365 3932 exceperim,
1387 3863 1422 3916 ad
1445 3860 1600 3915 cantandum
1626 3861 1784 3929 compositos
1811 3808 1890 3913 duisse
1909 3867 2032 3922 statuam,
2050 3856 2193 3923 exquibus
2212 3856 2328 3909 earmina

658 3933 683 3982 4.
702 3935 727 3982 a.
744 3933 771 3981 7.
788 3931 813 3982 8.
832 3934 871 3984 10.
892 3936 932 3984 11.
951 3934 991 3984 14.
1016 3936 1057 3986 ta.
1082 3934 1116 3985 ad
1141 3949 1231 3986 sersus
1254 3934 1280 3985 in
1303 3929 1424 3998 strophas
1454 3930 1609 3998 redigendos
1638 3945 1771 3982 numerum
1798 3929 1990 3995 quaternarium
2022 3928 2062 3978 rel
2087 3931 2180 3992 sponte
2205 3924 2326 4006 offerunt.

659 3996 762 4050 Nonum
780 4013 893 4063 carmen,
911 4001 1013 4068 rejectis
1030 4001 1093 4052 illisa
1115 4000 1161 4053 Vei
1176 4002 1374 4070 quedfisestem
1386 4027 1418 4039 -
1433 3999 1576 4052 Caecubum
1592 3999 1630 4065 (a.
1649 4014 1705 4067 sup.
1718 4013 1743 4066 p.
1752 3998 1810 4064 63.)
1828 3998 1862 4051 ad
1880 3998 1988 4050 eandem
2001 4007 2147 4047 mensuram
2159 3994 2329 4058 restituimus,

662 4065 732 4133 quod
749 4074 777 4119 et
793 4067 818 4118 iu
836 4069 940 4133 reliquis
957 4066 1071 4121 fortasse
1087 4068 1136 4121 leui
1153 4069 1342 4123 medicamento
1364 4066 1479 4122 adhibito
1516 4068 1584 4120 erfici
1602 4068 1706 4135 poterit.
1741 4065 1796 4119 Sed
1813 4081 1916 4119 menum
1933 4065 1967 4118 de
1984 4063 2088 4118 tabula!

730 4134 816 4188 Unum
833 4143 917 4188 restat
933 4150 1047 4200 carmen,
1065 4136 1159 4202 Libri
1174 4136 1224 4189 lll.
1247 4136 1475 4193 duodecimum
1498 4086 1598 4189 diluds
1624 4135 1778 4189 Miserarum
1794 4142 1832 4188 est
1847 4151 1927 4216 seque
1938 4133 2028 4185 'amori
2049 4130 2197 4213 eatt'qacd
2210 4130 2328 4214 'quadra--

661 4203 734 4269 ginta
751 4202 861 4271 pedibus
877 4204 975 4257 Jouicis
992 4221 1008 4257 s
1026 4205 1125 4259 minore
1149 4212 1272 4258 constans
1290 4222 1306 4257 a
1324 4207 1419 4258 criticis
1438 4206 1521 4258 omnis
1539 4205 1647 4268 aetatis,
1661 4205 1716 4270 jam
1735 4202 1794 4256 inde
1811 4220 1827 4256 s
1845 4218 1935 4271 prucis
1953 4203 2147 4263 Grammaticis,
2163 4213 2235 4252 rane
2254 4197 2327 4252 babu-

663 4278 716 4324 tum
734 4286 766 4322 ac
783 4287 830 4337 per
856 4271 976 4341 stropbss
998 4272 1178 4337 distributum,
1204 4274 1307 4326 conatui
1326 4281 1412 4326 tamen
1430 4273 1465 4325 ad
1483 4273 1637 4338 reliquorum
1655 4273 1795 4324 carminum
1813 4285 1930 4325 normam
1948 4268 2070 4337 strophas
2087 4268 2210 4334 aequales
2228 4268 2328 4321 cousti-

661 4339 749 4391 tuendi
773 4340 903 4404 quaternis
926 4342 1043 4394 versibus
1067 4347 1218 4396 constantes
1241 4341 1325 4393 adhuc
1348 4342 1456 4394 obstitit.
1495 4340 1556 4404 Quo
1581 4341 1615 4393 de
1637 4341 1749 4393 carmine
1773 4341 1845 4393 multi
1868 4355 1928 4393 esse
1952 4353 2096 4406 possemus,
2114 4336 2136 4388 si
2153 4336 2193 4388 vel
2211 4334 2328 4388 codicum

662 4414 809 4460 nostrorum
826 4409 965 4461 varietates
988 4411 1014 4462 in
1035 4411 1148 4464 lectione
1172 4424 1204 4462 ac
1220 4424 1341 4462 versuum
1359 4410 1539 4462 distributione
1555 4408 1657 4474 aderre,
1675 4410 1716 4462 vel
1733 4410 1818 4462 sarias
1836 4410 1947 4462 virerum
1966 4407 2101 4463 doctorum
2119 4404 2153 4457 de
2171 4420 2204 4457 eo
2222 4410 2329 4456 senteu-

662 4476 714 4528 tiss
730 4490 885 4543 percensere
901 4478 1037 4531 vellemuss
1055 4478 1102 4531 sed
1120 4486 1181 4545 post
1198 4478 1302 4532 domam
1322 4478 1432 4530 Bentleii
1450 4477 1651 4546 disputationem
1670 4493 1764 4542 magua
1782 4479 1872 4532 critico
1884 4491 1945 4530 vere
1962 4476 2074 4542 dignam,
2092 4488 2144 4539 qua
2158 4487 2190 4524 ex
2203 4469 2329 4554 Hepbaq·

661 4544 753 4597 stiouis
776 4545 937 4609 grammatici
960 4554 1101 4614 praecepto
1124 4545 1174 4599 boc
1196 4561 1300 4599 carmen
1323 4546 1357 4599 ad
1375 4546 1463 4598 Alcaei
1487 4547 1620 4613 exemplar
1642 4546 1757 4598 versibus
1780 4547 1820 4599 rel
1842 4544 1954 4614 strophis
1978 4545 2051 4597 denis
2075 4540 2182 4610 pedibus
2200 4540 2328 4592 absolutas

662 4607 2328 4751 313tsiifflmtbitiliutdtlt‘udtl:ilbi:bittit‚llil-⁰libili?btstbtittilt‘tii
2348 4639 2350 4642 ’

882 4719 891 4743 ²
1294 4722 1301 4745 1
1623 4721 1631 4747 9
1854 4722 1863 4745 2

664 4747 753 4799 batura
776 4749 854 4801 liceat
870 4750 945 4802 nobis
968 4747 1034 4803 banc
1051 4751 1200 4805 divisionem
1225 4766 1385 4819 proponere,
1402 4766 1456 4815 qus
1473 4753 1555 4820 prime
1574 4751 1742 4804 Bentleiauae
1759 4752 1884 4818 cujusque
1902 4747 2025 4816 strophae
2040 4760 2116 4799 versa
2133 4751 2284 4797 tetrametro
2302 4745 2329 4798 in
2442 4784 2446 4791 .

664 4883 741 4935 Mala
763 4884 823 4936 aisse
840 4887 926 4939 lacere
945 4893 993 4938 aust
1010 4887 1156 4939 &animari
1169 4895 1309 4941 metuentes
1324 4886 1454 4955 'Patruus
1474 4894 1579 4939 emittere
1596 4889 1704 4955 bugum
1731 4915 1763 4925 -
1774 4891 1806 4952 2)
1829 4889 1887 4940 'libi
1900 4887 2004 4957 qualum
2017 4885 2143 4953 Cytherea
2264 4882 2330 4958 ales,

662 4952 712 5004 tibi
721 4952 1132 5024 teluquperosaequeMineroae
1148 4957 1261 5007 atumem
1278 4958 1381 5021 aufert,
1402 4953 1516 5007 Neobulc
1528 4957 1535 5007 l
1546 4954 1654 5022 dipersi
1672 4955 1742 5006 nitor
1760 4954 1840 5010 Hebri
1845 4974 1854 5007 .-
1876 4983 1910 4995 -
1927 4956 1960 5013 3)
1978 4954 2061 5006 Simul
2077 4959 2165 5004 auctm
2180 4949 2308 5002 liberim's

663 5019 791 5072 florueras
802 5022 867 5076 lauit
883 5024 911 5076 iss
926 5022 1110 5092 andileqses
1126 5023 1183 5092 ipso
1204 5023 1293 5075 sselior
1312 5021 1524 5091 Belleropbouts,
1539 5039 1621 5090 meque
1637 5023 1739 5091 pugncl
1754 5022 1844 5093 Neque
1860 5025 1937 5094 segni
1950 5024 2017 5092 pede
2033 5023 2128 5074 mama
2145 5045 2179 5060 -
2195 5021 2229 5086 4)
2250 5019 2335 5071 Catus

659 5088 729 5141 isleras
741 5106 789 5157 per
802 5097 921 5157 apertum
931 5090 1088 5175 [disgieutes
1099 5089 1219 5160 agitatcl
1232 5090 1320 5160 Grege
1332 5089 1541 5155 ceramium
1557 5098 1582 5144 et
1591 5091 1722 5144 celeraria
1733 5091 1885 5145 latitantem
1898 5091 2044 5146 criminere
2057 5089 2169 5208 excipere
2209 5158 2214 5168 Ι
2274 5126 2281 5137 .
2296 5112 2330 5124 -

664 5156 741 5208 Haec
766 5156 859 5224 pedum
880 5160 1029 5213 lonicorum
1053 5160 1087 5212 ad
1110 5174 1213 5213 carmen
1236 5157 1429 5226 tetrastropbou
1456 5155 1632 5223 efficiendum,
1655 5160 1725 5224 quod
1750 5162 1805 5227 pari
1827 5176 1885 5213 cum
1909 5160 2013 5225 reliquis
2037 5159 2105 5213 omui
2124 5172 2155 5208 us
2173 5173 2188 5208 o
2208 5171 2229 5206 ss
2247 5155 2330 5207 iorms

665 5224 789 5291 gaudeat,
807 5226 941 5294 dispositio
958 5235 988 5281 ut
1005 5229 1086 5281 facilis
1102 5236 1129 5283 et
1146 5227 1267 5296 expedita
1283 5235 1378 5296 sponte
1395 5242 1425 5279 se
1443 5226 1546 5290 obtulit,
1565 5234 1591 5279 et
1609 5243 1640 5279 ea
1659 5229 1903 5293 recommendatur,
1921 5226 1990 5292 quud
2009 5229 2098 5294 plenos
2111 5238 2231 5278 numeros
2245 5222 2330 5286 effert,

653 5293 735 5346 mullo
758 5295 884 5349 vocabulo
913 5296 954 5350 rel
976 5298 1049 5353 laeso
1072 5298 1112 5350 rei
1136 5295 1282 5364 discerpta,
1305 5295 1375 5361 qaod
1396 5295 1485 5348 vitium
1503 5309 1561 5348 cum
1578 5295 1668 5364 priscis
1691 5297 1810 5350 omnibns
1827 5296 1875 5349 bos
1898 5310 1988 5347 sersus
2010 5293 2163 5361 disponendi
2186 5290 2330 5374 eonatibqs,

665 5361 852 5434 ¹1⁸¹*de
869 5365 1053 5433 mnaseas
1069 5366 1110 5420 val
1127 5365 1153 5420 in
1170 5364 1302 5420 codicibus
1319 5378 1381 5420 mss.
1398 5355 1576 5434 reperiantur,
1593 5378 1729 5418 commuue
1746 5364 1795 5430 sit,
1818 5379 1866 5420 eos
1884 5378 1975 5418 omnes
1995 5361 2128 5415 Bentleiss
2146 5366 2216 5414 reete
2233 5365 2330 5426 rejecit

2131 5464 2154 5525 9

663 4814 738 4868 binos
755 4814 878 4870 dimetros
895 4816 979 4870 diviso
990 4833 1094 4872 carmen
1106 4818 1298 4886 tetrastrapltou
1310 4816 1359 4872 boe
1373 4818 1474 4881 emerim·
1494 4818 1523 4881 1)
1543 4819 1698 4871 Miserarum
1713 4827 1751 4871 cst
1763 4819 1934 4888 ncmeamori
1947 4820 1953 4877 Ι
1965 4818 2033 4869 Dare
2047 4813 2329 4939 ludmsp'ffl'wl

2323 4964 2329 5019 Ι
