5725 6392
1409 718 1464 794 66

541 932 601 1010 est,
630 926 692 991 nisi
711 931 745 989 ut
772 925 806 990 in
827 923 982 988 codicibus
1004 943 1079 986 mss.
1107 922 1189 985 iuter
1211 940 1247 984 se
1269 918 1466 986 conferendis
1488 919 1624 1008 vesdgio
1652 920 1682 983 si
1710 939 1771 1007 qua
1791 928 1938 1009 apparent
1966 921 2108 1008 autiquae
2138 925 2341 1012 cognationis

540 1030 590 1094 rel
611 1037 760 1094 externae
782 1025 832 1091 uel
852 1027 992 1090 internae
1020 1023 1198 1111 diligentius
1228 1042 1315 1109 quam
1337 1020 1435 1088 adbsc
1456 1021 1569 1088 factum
1593 1027 1660 1105 ost,
1682 1042 1910 1112 persequamur.
1955 1022 2164 1092 Externae
2187 1046 2354 1114 cogas-⁴

541 1132 670 1198 tionis
693 1128 828 1216 uestigia
849 1127 899 1193 rel
920 1127 1031 1192 aetatis
1055 1125 1122 1191 dieo
1153 1125 1205 1191 vel
1224 1132 1326 1191 terrae
1348 1126 1382 1192 iu
1403 1146 1463 1212 qua
1485 1125 1594 1214 scripti
1616 1133 1705 1210 suut,
1740 1147 1819 1213 quae
1844 1132 1971 1214 utraque
2000 1129 2079 1193 ratio
2109 1126 2191 1193 haud
2218 1148 2339 1219 paucas

541 1231 753 1300 similitudines
774 1250 841 1297 cum
862 1230 896 1296 iu
918 1230 1071 1318 scriptura
1091 1236 1123 1293 et
1144 1227 1385 1318 orthographiae
1405 1226 1509 1312 modo,
1531 1234 1592 1293 tum
1613 1228 1645 1294 iu
1667 1229 1737 1317 ipsa
1758 1236 1862 1296 textus
1885 1230 2102 1296 constitutione
2126 1229 2231 1297 offert.
2279 1232 2340 1299 Ιι·

539 1345 688 1402 ternam
710 1333 994 1422 cognationem
1024 1329 1111 1414 dico,
1142 1352 1219 1418 quae
1248 1331 1341 1397 certis
1364 1330 1487 1397 iudiciis
1509 1330 1627 1397 codicis
1651 1330 1808 1418 cujusdam
1837 1340 1890 1397 aut
1909 1332 2038 1421 plurium
2061 1354 2101 1413 ox
2122 1353 2182 1399 uno
2207 1334 2339 1421 quodam

538 1439 624 1504 sonte
646 1426 800 1525 originem
821 1434 940 1525 prodit,
971 1455 1047 1521 quae
1069 1432 1184 1500 iudicia
1215 1432 1389 1522 quaerenda
1416 1440 1508 1523 puto:
1538 1433 1575 1520 1)
1604 1434 1645 1499 iu
1674 1434 1766 1522 ipso
1797 1433 1958 1520 ordine,
1990 1457 2064 1523 quo
2085 1434 2186 1502 libri
2207 1435 2339 1504 llore-

540 1540 641 1605 tiaui
663 1539 813 1628 scripti
836 1546 948 1604 sunt:
977 1557 1065 1624 quem
1096 1537 1186 1602 adum
1207 1534 1338 1602 vidimus
1368 1557 1442 1602 esse
1471 1537 1504 1603 in
1525 1536 1747 1623 antiquissimis
1771 1535 1941 1620 codicibus,
1963 1537 2053 1604 adum
2075 1539 2107 1603 iu
2130 1539 2268 1607 saeculis
2289 1543 2338 1608 iu.

539 1642 667 1726 secutis,
690 1642 780 1708 alium
803 1641 894 1706 etiam
916 1642 949 1705 in
969 1639 1159 1706 novissimas
1182 1641 1292 1705 aetatis
1316 1660 1400 1706 saec.
1419 1637 1495 1707 XV.
1517 1645 1549 1705 et
1567 1637 1658 1707 xvi.
1682 1637 1796 1732 aliquot
1815 1639 1924 1720 libris,
1947 1646 1981 1703 ut
2001 1641 2235 1709 vetustissimus
2255 1642 2336 1711 ordo

538 1746 629 1810 etiam
650 1745 683 1809 iu
712 1743 886 1809 recentiore
913 1742 1020 1808 codice
1043 1750 1199 1825 servatus,
1215 1742 1324 1826 (velut
1344 1742 1377 1808 iu
1398 1740 1486 1808 Mon.
1514 1742 1566 1822 1.)
1595 1742 1663 1827 ejus
1687 1741 1841 1829 originem
1864 1762 1904 1806 ex
1926 1742 2048 1828 antiquo
2071 1749 2169 1810 mscto
2192 1749 2336 1813 testetur.

537 1848 573 1930 2)
595 1848 634 1911 iu
655 1847 835 1915 locorum
858 1843 1097 1932 quarundam
1120 1866 1139 1910 a
1166 1844 1334 1932 uulgata
1355 1842 1535 1911 lectione
1562 1842 1662 1909 baud
1681 1842 1834 1909 leri-ter
1856 1842 2149 1912 dissidentium
2172 1850 2337 1939 conspi-

402 1983 408 1997 ae
537 1956 651 2015 rante
676 1949 786 2013 iuter
807 1947 945 2036 plures
969 1946 1135 2013 codices
1158 1947 1357 2028 lectione;
1380 1946 1464 2012 velut
1484 1946 1619 2050 inillis:
1641 1945 1699 2012 ΙΙΙ.
1725 1944 1850 2028 0618,
1877 1950 1926 2012 12.
1950 1968 2028 2012 cum
2051 1948 2152 2014 bove
2173 1949 2336 2039 pardus.

398 2049 404 2063 '
538 2053 593 2133 21,
621 2054 675 2116 16
707 2070 858 2115 cornua
886 2050 1002 2113 tauri.
1045 2048 1071 2112 l.
1102 2047 1168 2113 Sat.
1200 2054 1234 2132 6,
1263 2051 1334 2114 126.
1362 2047 1477 2138 fugio
1501 2069 1670 2139 campum
1692 2049 1899 2134 lusumque
1929 2049 2207 2136 trigonam-
2230 2055 2273 2135 6)
2297 2054 2337 2120 iu

537 2154 728 2218 uersibus
744 2149 1344 2239 apudplurescommunitervel
1367 2151 1534 2235 additis,
1556 2151 1622 2219 vel
1645 2149 2203 2240 omissis,veltrauspositis,
2226 2155 2336 2242 quales

537 2261 624 2320 suutt
648 2262 718 2319 octo
738 2253 786 2318 illi
807 2274 918 2319 versus
940 2260 1011 2320 aute
1027 2252 1162 2319 Setinum
1173 2253 1320 2320 decimam
1333 2255 1366 2321 iu
1378 2253 1519 2343 pluribus
1533 2251 1622 2320 codd.
1640 2252 1805 2340 adscriptis
1821 2272 1933 2317 versus
1947 2250 1973 2318 l.
1987 2252 2047 2342 Ep.
2064 2258 2118 2339 18,
2139 2260 2192 2323 sl.
2205 2269 2336 2343 potores

537 2359 635 2422 bibula·
654 2365 712 2421 etc.
742 2357 776 2421 in
797 2356 934 2444 pluribus
957 2356 1108 2422 omissus:
1132 2377 1244 2422 versus
1265 2354 1292 2419 l.
1316 2354 1375 2444 Ep.
1402 2361 1435 2438 1,
1455 2357 1509 2422 61.
1532 2355 1588 2423 Β.
1609 2358 1673 2421 Idat
1694 2360 1818 2430 mausus
1839 2355 1952 2420 tibi-Se·
1972 2361 2335 2444 quadringentis-desint

535 2460 568 2524 iu
589 2460 727 2549 pluribus
747 2459 939 2548 transpositi
984 2458 1061 2524 ltem
1083 2459 1122 2522 iu
1150 2457 1306 2546 eclogis
1329 2457 1396 2523 vel
1416 2458 1457 2523 in
1486 2457 1625 2547 plures
1655 2456 1819 2542 diuisis,
1842 2458 1949 2545 quibus
1980 2459 2059 2525 tituli
2089 2462 2138 2527 sni
2159 2481 2257 2552 saepe
2281 2463 2335 2529 ad·

536 2558 592 2626 diti
613 2563 714 2645 (velut
733 2561 760 2626 l.
786 2559 844 2629 01.
865 2564 899 2645 1,
922 2561 974 2625 lb.
997 2563 1099 2629 Attus
1120 2571 1159 2625 ut
1180 2563 1308 2626 obscuro
1331 2565 1390 2625 etc.
1413 2559 1514 2648 Epod.
1535 2561 1569 2642 2,
1591 2561 1644 2625 26.
1665 2561 1760 2627 laidet
1773 2563 1885 2642 jacere
1907 2566 1964 2626 etc.
1986 2560 2011 2625 1.
2038 2560 2105 2628 sac
2129 2567 2163 2648 2,
2184 2567 2240 2631 86
2267 2568 2335 2632 Ilo·

447 2723 456 2735 ,
535 2668 626 2749 giban
647 2668 696 2730 bie
716 2686 782 2729 mos
803 2674 862 2731 est.
909 2662 935 2727 1.
957 2662 1058 2750 Epist.
1093 2666 1145 2743 lb,
1167 2664 1220 2725 26.
1254 2663 1410 2740 Masada,
1440 2673 1478 2726 ot
1498 2664 1608 2743 redas)
1641 2662 1692 2728 vel
1713 2661 1850 2751 pluribus
1873 2664 1906 2728 in
1929 2685 2018 2730 uuam
2041 2667 2237 2755 eunomus,
2252 2668 2335 2757 quod

428 2827 436 2834 ,
535 2765 652 2855 Porph.
678 2764 785 2830 Sebol.
809 2766 842 2829 in
862 2762 920 2828 lll.
946 2760 1048 2827 Ode.
1073 2766 1095 2826 2
1117 2769 1149 2826 et
1169 2765 1201 2828 8.
1222 2762 1292 2829 fieri
1309 2765 1406 2848 jubet
1432 2764 1597 2844 -’1)ἰιι
1620 2765 1805 2830 externis
1829 2765 2061 2851 quibusdam
2085 2767 2332 2836 additamen-

536 2868 591 2932 tis
613 2886 680 2932 cum
701 2866 789 2931 libris
812 2873 874 2930 tum
903 2865 1035 2952 singulis
1067 2864 1185 2951 eclogia
1215 2864 1266 2928 vel
1292 2865 1482 2953 praepositis
1511 2865 1561 2930 uel
1589 2867 1786 2955 postpositis,
1808 2867 1906 2954 qualis
1939 2880 1988 2933 est
2015 2870 2136 2938 famosa
2157 2871 2211 2937 illa
2233 2870 2331 2942 Vettii

534 2966 650 3058 ligurii
673 2965 819 3036 Consulis
840 2966 974 3034 Romani
996 2966 1181 3054 subscriptio
1203 2965 1359 3033 nonnullis
1381 2966 1538 3033 codicibus
1561 2970 1749 3053 communis,
1779 2966 1816 3034 de
1839 2990 1898 3057 qua
1927 2971 2046 3059 egimus
2076 2972 2114 3039 ad
2144 2972 2212 3041 cod
2239 2973 2331 3043 Gotb.

534 3075 567 3154 2,
590 3074 619 3136 b.
644 3095 675 3162 p.
697 3075 750 3138 21.
796 3069 833 3135 lu
862 3068 912 3134 bis
941 3070 1108 3159 praecipue
1130 3088 1329 3163 muneramus
1359 3068 1508 3134 titulos
1536 3070 1576 3135 iu
1606 3071 1789 3159 singulis
1822 3071 1979 3161 eclogis
2007 3075 2261 3165 inscriptos,
2284 3080 2333 3166 qui

534 3173 608 3239 licet
628 3175 666 3239 ab
681 3172 812 3240 Horatio
835 3171 906 3260 ipso
929 3168 1023 3237 additi
1041 3192 1105 3238 uon
1127 3169 1190 3236 siut
1210 3190 1268 3235 uec
1290 3168 1330 3236 ad
1351 3171 1420 3257 ejus
1444 3178 1573 3238 aetatem
1596 3173 1781 3262 pertineant,
1804 3162 2077 3263 proximis-tamen
2099 3178 2136 3243 ab
2161 3200 2198 3245 so
2223 3201 2329 3246 saecu·

534 3276 573 3340 lis
597 3297 638 3342 ex
657 3286 746 3366 parte
772 3277 843 3363 Jam‘
858 3275 934 3340 sacti
955 3295 1028 3339 esse
1049 3271 1210 3356 videntur,
1240 3271 1319 3358 quod
1341 3273 1374 3338 in
1396 3272 1640 3341 Scholiastarum
1663 3277 1888 3343 commentariis
1912 3287 2080 3368 apparent,
2115 3303 2292 3371 quamquam
2314 3307 2332 3349 a

534 3378 753 3445 uetustissimis
775 3377 912 3467 pluribus
933 3376 1034 3460 libris,
1057 3384 1090 3440 ut
1111 3373 1207 3440 Dese.
1230 3377 1261 3436 1.
1287 3373 1420 3465 etLips.
1443 3379 1475 3445 2.
1498 3377 1549 3442 vel
1572 3377 1695 3444 omnino
1719 3377 1830 3444 absunt
1852 3378 1901 3443 vel
1924 3401 1942 3444 a
1963 3385 2139 3470 posteriore
2163 3405 2252 3452 mauu
2277 3385 2329 3451 ad·

534 3480 589 3545 diti
611 3487 691 3545 sunt.
738 3480 782 3544 lli
802 3479 882 3545 tituli
911 3500 1005 3568 saepe
1027 3478 1149 3542 multum
1177 3477 1317 3542 interae
1341 3476 1457 3544 diuersi
1486 3477 1526 3544 ad
1547 3487 1649 3544 certas
1672 3479 1791 3545 classes
1814 3480 1918 3570 redigi
1939 3492 2081 3572 possunt,
2104 3487 2136 3552 iu
2160 3507 2237 3574 quas
2261 3488 2331 3554 libri

534 3604 609 3649 mss.
634 3603 775 3669 maguam
796 3590 914 3670 partem
936 3579 1106 3663 discedunt,
1129 3578 1254 3646 atinde
1277 3580 1414 3646 certiora
1435 3583 1503 3648 iere
1526 3582 1722 3670 cognationis
1745 3581 1859 3648 iudicia
1881 3584 1987 3673 colligi
2008 3588 2143 3675 possint,
2166 3608 2330 3680 eorumque

534 3685 603 3750 iere
625 3690 799 3749 contextam
819 3683 982 3749 historiam
1009 3692 1040 3747 et
1068 3703 1109 3747 ex
1139 3680 1295 3747 codicibus
1319 3688 1351 3747 et
1371 3704 1412 3748 ex
1434 3685 1653 3765 vetustioribus
1684 3684 1771 3750 libris
1802 3684 1893 3751 editis
1922 3687 2074 3775 perficere
2099 3689 2210 3774 liceat,
2245 3715 2332 3781 quam

535 3786 643 3853 dudum
664 3794 877 3876 praeparatam
899 3786 1054 3850 habemus.
1071 3822 1110 3835 -
1123 3820 1167 3834 -
1176 3782 1263 3848 Haec
1275 3805 1353 3873 ergo
1366 3785 1482 3852 iudicia
1491 3786 1582 3852 modo
1595 3785 1676 3853 dicta
1697 3787 1725 3852 si
1738 3788 1770 3853 in
1781 3786 1918 3877 pluribus
1932 3789 2087 3861 codicibus
2101 3794 2184 3859 iuter
2196 3815 2234 3860 se
2256 3817 2331 3863 cou-

535 3891 670 3979 spiraut,
700 3886 847 3976 judicium
870 3887 908 3953 de
931 3888 1115 3975 cognatione
1138 3885 1265 3974 quadam
1286 3889 1369 3953 inter
1391 3910 1448 3954 eos
1471 3887 1639 3954 admittunt.
1686 3887 1784 3968 Quam
1814 3891 1843 3955 si
1871 3890 2010 3980 pluribus
2053 3896 2102 3961 bis
2130 3896 2255 3964 iudiciis
2284 3901 2333 3966 in·

534 4000 581 4057 ter
604 4014 640 4058 se
662 3992 833 4078 conjunctis
857 3987 1142 4073 animadvertimus,
1170 3988 1240 4055 fieri
1260 3991 1392 4081 poterit,
1422 4003 1456 4055 ut
1484 3989 1607 4058 codices
1630 3991 1767 4082 plerique
1791 3991 1830 4058 ad
1857 4002 1959 4061 certas
1990 3997 2105 4088 stirpes
2135 4021 2172 4064 ac
2193 3999 2332 4068 familias

533 4093 636 4180 redigi
656 4095 790 4182 possint,
811 4094 963 4180 inquibus
987 4094 1015 4158 si
1035 4114 1096 4158 nou
1109 4113 1149 4158 ex
1170 4112 1231 4157 uno
1253 4092 1341 4158 fonto
1361 4093 1541 4183 principalis
1564 4093 1682 4181 eliqua,
1705 4103 1844 4161 atcerte
1865 4097 1943 4163 rivis
1966 4096 2097 4165 deducta
2115 4104 2261 4189 cognatio
2273 4126 2333 4195 po·

534 4195 607 4260 terit
628 4195 720 4259 effici.
767 4194 864 4283 Cujus
887 4195 1021 4262 muueris
1051 4192 1240 4282 exsequendi
1270 4194 1432 4260 consilinm
1464 4193 1503 4261 ad
1532 4203 1649 4286 tempus
1672 4199 1868 4288 reponimus,
1897 4199 2026 4288 posthac
2049 4201 2232 4291 aliquando,
2253 4194 2336 4276 'dnm

535 4297 600 4361 uita
621 4297 766 4383 viresque
789 4305 962 4386 suppetent,
985 4299 1180 4386 aggressuri.
1226 4295 1316 4362 Nunc
1339 4296 1467 4385 digitum
1489 4298 1660 4366 intendisse
1683 4302 1760 4366 satis
1783 4300 1939 4368 babemus.

1231 4653 1628 4694 -ss-

1338 4862 1418 4965 a}
1511 4829 1515 4835 ι

533 5014 566 5068 P.
583 5017 608 5066 1.
626 5032 649 5067 u.
667 5020 709 5067 21.
727 5032 774 5084 pro
792 5017 920 5070 audacro
936 5019 1012 5084 leges
1030 5018 1177 5071 laudatam.
1202 5043 1230 5055 -
1248 5035 1273 5085 p.
1292 5022 1335 5071 22.
1354 5032 1401 5086 pro
1418 5021 1463 5082 21)
1482 5018 1544 5072 th.
1564 5021 1637 5086 lege:
1654 5023 1699 5086 24)
1719 5021 1780 5074 ths.
1803 5050 1833 5060 -
1847 5026 1923 5089 p.25.
1937 5024 1991 5075 init.
2006 5023 2089 5076 adde:
2114 5025 2187 5091 ejus
2212 5025 2335 5083 iacies

585 5098 601 5134 a
619 5085 735 5150 priore
753 5092 858 5153 parte,
876 5086 1060 5139 Sermones
1078 5095 1140 5140 cett.
1161 5104 1230 5154 -p.
1249 5090 1291 5138 64.
1317 5086 1395 5138 Nota.
1414 5088 1431 5138 1
1449 5102 1519 5139 corr.
1536 5102 1581 5154 pro
1599 5093 1623 5140 6.
1642 5115 1676 5129 -
1694 5107 1719 5157 p.
1740 5095 1781 5142 63.
1797 5091 1839 5142 liu.
1857 5094 1935 5157 apro
1951 5090 1996 5142 dd
2015 5089 2076 5144 boc
2094 5094 2192 5146 locos
2211 5094 2291 5163 leges

875 5154 922 5207 sd
944 5154 1002 5206 bos
1020 5156 1123 5208 locos.
1136 5183 1167 5193 ·-
1186 5153 1249 5207 ibid.
1268 5154 1330 5206 Not.
1349 5158 1394 5206 10.
1415 5170 1438 5204 v.
1459 5161 1483 5206 9.
1507 5157 1556 5208 tris
1580 5155 1742 5222 parenthesis
1761 5159 1833 5225 sigua
1853 5160 1983 5211 tollantur.
