5725 6392
1649 716 1699 788 10

1554 817 1792 832 m

782 922 989 1005 33.13,33.
1018 925 1122 989 eastra
1150 923 1259 1007 peto·
1288 913 1518 1000 transfuga.
1539 910 1596 981 lv.
1619 911 1678 979 03.
1700 915 1735 995 3,
1756 910 1991 980 ’3111131313
2019 911 2319 1003 populo.lipod.b,
2340 918 2395 985 31.
2417 921 2448 980 et
2470 936 2567 982 ossa

780 1031 895 1113 rapta
923 1024 967 1088 ab
997 1042 1077 1089 oro.
1097 1023 1131 1101 3,
1155 1019 1205 1083 13.
1228 1037 1282 1081 33
1304 1014 1567 1103 appetiverit.
1589 1015 1623 1095 t,
1646 1016 1697 1077 13.
1719 1020 1897 1100 mentesque
1925 1035 2162 1103 percussae.
2183 1015 2225 1081 11.
2249 1014 2372 1100 8333,
2397 1021 2469 1083 131.
2491 1017 2565 1083 113-

780 1148 845 1191 res
879 1117 1377 1206 33313313.11.Ερ1331,3.
1406 1115 1529 1180 armis
1557 1115 1725 1181 tuearis.
1749 1119 1801 1182 33
1823 1114 1866 1182 81
1893 1114 2003 1182 3333
2036 1115 2225 1204 quaedam
2247 1119 2564 1206 antiquanimis.

780 1230 852 1294 183.
874 1224 1033 1314 plebecula
1054 1218 1220 1309 plaudit.

862 1430 900 1505 8)
920 1423 1028 1494 nrt.
1051 1421 1094 1490 3.
1126 1417 1265 1486 Codex
1292 1417 1584 1485 Berolinensia
1614 1420 1721 1485 alter
1752 1418 2037 1487 bibliothecae
2058 1419 2217 1510 Regiae
2245 1424 2426 1490 chartaceus
2454 1426 2487 1490 in
2513 1429 2565 1510 333

778 1529 862 1616 sign.
884 1528 941 1591 Νι.
964 1529 996 1590 3.
1020 1543 1104 1589 3333.
1125 1519 1197 1614 XV.
1221 1520 1380 1604 exeuntia,
1402 1520 1566 1586 Horatii
1586 1519 1863 1610 Epistularum
1889 1522 2032 1588 librum
2053 1522 2079 1591 1.
2102 1546 2198 1611 usque
2220 1524 2258 1589 33
2282 1525 2382 1614 Epist.
2406 1531 2499 1592 183.
2521 1530 2565 1593 83

777 1631 810 1694 13
831 1632 874 1693 at
895 1627 980 1695 soliis
1003 1626 1150 1713 scriptum
1172 1624 1320 1705 33331333,
1333 1643 1378 1688 ac
1398 1630 1563 1711 praeterea
1583 1621 1794 1689 Boethium
1817 1622 1861 1688 de
1883 1622 2103 1713 disciplina
2124 1626 2351 1692 scholarum
2375 1634 2406 1692 et
2426 1628 2564 1694 Persii

748 1732 753 1743 ’
777 1729 937 1796 Satires
952 1749 1018 1793 cum
1042 1725 1168 1792 scholiis
1186 1725 1328 1790 vetustis.
1358 1721 1539 1790 Horatianis
1553 1723 1705 1814 Epistolis
1727 1726 1901 1814 praemissa
1922 1735 1971 1790 ost
1992 1725 2088 1794 Vita
2109 1728 2254 1813 quaedam
2267 1728 2391 1794 Horatii
2412 1749 2475 1794 non
2489 1729 2563 1795 abbi

776 1838 914 1921 reperta,
944 1850 1031 1916 quam
1052 1827 1151 1893 adhuc
1171 1826 1360 1913 incognitam
1381 1826 1413 1890 in
1437 1823 1676 1904 Quaestionibus
1705 1828 1824 1893 uostris
1845 1826 1957 1893 Horat
1985 1834 2058 1917 post
2078 1828 2307 1896 Praefationem
2328 1831 2411 1919 typis
2435 1830 2563 1919 exprimi

779 1932 961 1998 curavimus.
1003 1929 1084 1995 Eam
1099 1949 1140 1992 ex
1161 1928 1333 1993 vetustiore
1354 1927 1455 2013 aliquo
1479 1928 1649 2017 exemplari
1670 1927 1876 2017 depromptam
1899 1950 1985 2011 esso,
2008 1950 2074 1994 cum
2086 1931 2158 2019 ipsa
2173 1933 2322 1998 orationis
2333 1930 2465 2022 indoles,
2488 1945 2562 2018 qua·

776 2033 816 2099 lis
839 2032 1105 2121 grammaticorum
1127 2050 1200 2095 esse
1224 2028 1315 2112 solet,
1338 2036 1400 2094 tum
1422 2028 1541 2095 scholia
1562 2027 1601 2093 ad
1621 2031 1790 2116 marginem
1812 2031 1843 2095 ei
1864 2028 1969 2095 addita
1990 2029 2070 2095 haud
2092 2030 2216 2098 indocta
2231 2034 2372 2122 probant.
2415 2031 2561 2099 Ceterum

775 2135 856 2201 huuc
876 2134 984 2200 librum
1007 2133 1064 2196 sub
1086 2131 1176 2196 11333
1198 2151 1280 2196 saec.
1302 2128 1375 2198 XV.
1397 2128 1515 2195 demum
1537 2130 1683 2218 scriptum
1705 2151 1790 2214 esso,
1813 2151 1879 2196 cum
1901 2152 1942 2196 ex
1963 2131 2034 2197 aliis
2055 2132 2178 2199 indiciis
2201 2134 2385 2222 colligimus,
2407 2141 2469 2199 tum
2490 2133 2562 2200 indo

774 2236 978 2324 potissimum,
1000 2231 1081 2322 quod
1101 2232 1264 2320 inglossis
1285 2232 1366 2296 inter
1388 2231 1487 2297 lineas
1510 2232 1595 2296 etin
1616 2231 1803 2318 largissimis
1825 2230 1865 2296 ad
1885 2234 2054 2323 marginem
2076 2234 2204 2300 scholiis
2225 2237 2374 2324 permulta
2386 2235 2479 2300 habet
2489 2256 2561 2324 par-

775 2336 829 2401 313
843 2357 884 2401 ex
899 2335 1028 2402 Acrone
1040 2334 1151 2420 partim
1165 2356 1204 2399 ex
1215 2332 1353 2398 Landiui
1366 2333 1605 2416 commentariis,
1628 2333 1825 2423 qui'primum
1840 2355 1869 2398 a.
1891 2336 1977 2398 1383
1997 2335 2030 2398 13
2044 2334 2140 2399 13333
2161 2336 2362 2425 prodier-snt
2376 2335 2414 2401 33
2435 2338 2561 2402 verbum

775 2459 937 2526 expressa.
960 2434 1122 2524 Scriptura
1141 2435 1304 2500 maximam
1325 2439 1444 2523 partem
1464 2454 1542 2522 pura
1555 2441 1587 2498 et
1597 2433 1757 2500 emendata
1776 2456 1895 2501 manum
1917 2433 2036 2500 doctam
2051 2442 2083 2500 et
2092 2435 2270 2524 diligentem
2282 2432 2398 2527 prodit.
2411 2436 2560 2503 ’Textum

774 2548 886 2623 autem,
907 2538 1063 2604 11333333
1075 2537 1123 2603 ed
1137 2536 1226 2602 Flos.
1249 2538 1335 2600 1382
1355 2535 1515 2621 plurimum
1536 2535 1779 2616 convenientem,
1801 2557 1863 2601 non
1880 2533 2112 2623 exlihro-typis
2129 2559 2294 2623 expresso,
2318 2538 2374 2604 333
2386 2559 2427 2604 ex
2437 2547 2559 2604 vetusto

772 2639 874 2726 aliquo
895 2641 995 2706 honae
1015 2645 1109 2702 uotae
1123 2637 1230 2701 codice
1250 2634 1412 2722 repetitum
1435 2654 1508 2698 osse
1530 2641 1563 2697 et
1581 2641 1709 2721 propter
1730 2634 1970 2721 orthographiae
1991 2635 2142 2700 rationem
2164 2639 2282 2720 (michi,
2304 2640 2410 2722 nichil,
2434 2640 2558 2719 Ulixes)

772 2749 805 2806 et
824 2747 952 2829 propter
967 2737 1148 2825 singulares
1170 2735 1285 2820 aliquot
1305 2734 1462 2799 lectiones
1479 2732 1706 2817 existimamus
1719 2733 1864 2817 ¹veluttl,
1887 2737 1939 2800 12.
1963 2741 2171 2803 33333333.
2192 2740 2246 2803 33.
2268 2741 2555 2808 meminormus.

773 2845 829 2925 13,
841 2843 903 2905 ·.31
925 2834 1572 2929 parvouescratutrdi.s1munor
1603 2841 1731 2921 urget.
1760 2838 1821 2919 13,
1854 2839 1905 2901 lt.
1928 2858 2006 2924 quae
2033 2838 2194 2927 possint
2224 2839 2493 2925 3331331333.
2516 2865 2560 2908 33

773 2939 1162 3008 33333333313333
1190 2884 1971 3057 3111313,38.ρί333333.11,13.3333
1999 2941 2558 3028 natus.28·quodlrbet1udutus

772 3045 828 3127 18,
846 3046 903 3109 83
926 3039 1116 3128 ecquid..

856 3249 893 3326 3)
914 3200 1020 3315 Β1·1.
1043 3244 1086 3314 8.
1111 3242 1248 3310 Codex
1263 3240 1563 3308 ¹berolinensis
1584 3243 1616 3306 3.
1641 3241 1918 3307 bibliothecae
1940 3240 2287 3330 Regiaechartacens
2307 3245 2450 3332 inFolio,
2473 3252 2556 3338 sign.

770 3346 827 3413 Νι.
848 3349 902 3412 33.
924 3346 1089 3412 Horatii
1109 3345 1246 3411 Artem
1267 3349 1373 3432 poet.
1396 3342 1556 3408 continens
1579 3363 1674 3429 usque
1696 3341 1736 3407 ad
1749 3364 1780 3408 v.
1795 3345 1871 3408 332.
1912 3341 2104 3410 Litterarum
2127 3345 2234 3412 ductos
2247 3355 2279 3412 et
2303 3354 2366 3413 tota
2386 3351 2556 3439 scripturae

771 3447 958 3536 compendiis
982 3455 1015 3513 et
1025 3447 1116 3535 siglis
1139 3445 1288 3522 distortae
1304 3443 1403 3508 facies
1427 3444 1588 3509 saeculo
1611 3442 1690 3511 XV.
1712 3451 1885 3509 exeunte
1907 3466 1969 3510 non
1983 3448 2420 3538 vetustioremesseprobaut.
2441 3450 2555 3518 Lectio

770 3548 871 3612 multis
900 3546 978 3613 locis
1009 3554 1154 3635 corrupta
1181 3567 1217 3610 ac
1246 3545 1360 3610 vitiosa
1388 3551 1420 3608 et
1448 3545 1518 3634 ipsa
1548 3544 1789 3634 orthographiae
1816 3547 1897 3613 ratio
1929 3548 2002 3637 (ph.
2030 3570 2087 3639 pro
2109 3570 2131 3614 v
2152 3552 2296 3639 saepius,
2317 3558 2351 3614 ut
2383 3553 2555 3640 orphum,

770 3648 922 3737 olipha)
945 3648 1078 3713 scribam
1106 3646 1260 3712 indoctum
1282 3651 1314 3710 et
1334 3643 1544 3732 indiligentem
1569 3646 1684 3736 prodit.
1714 3647 1834 3714 michi
1863 3669 1980 3735 quoque
2008 3648 2140 3738 legitur,
2163 3658 2196 3716 et
2213 3650 2353 3717 nichil.
2397 3652 2555 3732 Quaedam

768 3757 870 3815 tamen
906 3750 1032 3839 propria
1059 3749 1172 3831 habet,
1202 3756 1235 3814 ut
1265 3752 1337 3814 133.
1372 3748 1410 3812 ab
1443 3748 1569 3814 interitu
1589 3745 1775 3815 Menelai.
1803 3752 1877 3815 ata.
1906 3749 2008 3839 lepido
2036 3770 2190 3841 seponere
2220 3751 2375 3819 dictum.
2406 3757 2482 3822 433.
2505 3757 2555 3822 vir

768 3851 866 3918 bonos
889 3857 921 3916 et
943 3851 1123 3941 sapiens.
1144 3852 1220 3915 331.
1244 3848 1406 3914 ambitiosa
1426 3847 1654 3931 rescindet3
1676 3858 1710 3916 ut
1730 3871 1772 3916 ex
1793 3850 1899 3917 codice
1922 3850 2022 3939 aliquo
2044 3854 2215 3921 vetustiore
2233 3853 2420 3947 descriptum
2441 3867 2553 3947 putem.

769 3952 896 4019 Scholia
917 3953 1010 4093 multa
1031 3950 1070 4018 ad
1091 3952 1261 4040 marginem
1283 3950 1440 4040 adscripta
1462 3958 1544 4036 sunt,
1567 3949 1623 4017 sed
1647 3952 1738 4039 parri
1759 3950 1958 4019 aestimanda.

853 4156 912 4234 1⁰)
932 4086 1599 4225 Β1·1.3.033333333113333133.
1621 4153 1897 4222 bibliothecae
1918 4155 2551 4246 RegiaechartaceusinFol.emsctis

711 4306 715 4310 .
768 4253 875 4319 Dieaii
903 4255 985 4342 sign.
1008 4256 1067 4326 Nr.
1089 4256 1147 4323 1.
1137 4282 1170 4324 3
1200 4250 1298 4348 amplo
1328 4256 1480 4322 volumino
1501 4254 1614 4323 XXllI
1641 4257 1796 4323 variorum
1826 4259 2008 4348 scriptorum
2037 4277 2133 4344 opera
2160 4259 2271 4347 partim
2291 4269 2421 4351 mscpta,
2442 4265 2553 4352 partim

753 4356 854 4446 'typis
877 4358 933 4421 sub
962 4356 1156 4426 saec.XV1.
1176 4358 1295 4424 initium
1317 4373 1481 4446 expressa,
1503 4347 1587 4424 velut
1600 4355 1720 4424 Sedulii
1741 4361 1888 4443 carmiua,
1907 4357 2072 4423 Boethium
2083 4356 2123 4424 de
2134 4360 2251 4427 consol
2268 4362 2455 4453 philoaetc.
2469 4385 2552 4430 com·

768 4458 924 4549 plectitur.
965 4455 1003 4524 13
1030 4457 1081 4524 313
1111 4459 1202 4525 etiam
1222 4458 1389 4524 Horatii
1410 4459 1543 4526 Artem
1563 4469 1666 4548 poet.
1688 4481 1794 4549 apag.
1808 4463 1867 4525 381
1895 4480 1962 4524 cum
1983 4459 2111 4526 scholiis
2134 4460 2355 4551 admarginem
2377 4470 2409 4529 et
2430 4463 2550 4552 glossis

768 4559 981 4628 interlineas.
1004 4557 1195 4625 Litterarum
1223 4558 1330 4626 doctus
1348 4567 1380 4625 et
1401 4561 1571 4650 scripturae
1589 4559 1769 4651 compendia
1788 4580 1856 4626 cum
1876 4559 1983 4627 Berol
2005 4562 2039 4628 3.
2059 4561 2218 4652 plurimum
2239 4566 2433 4645 conveniunt,
2456 4588 2551 4653 quare

770 4665 937 4729 saeculo
960 4660 1033 4731 XV.
1057 4662 1222 4729 exeunti
1244 4667 1276 4727 et
1296 4662 1376 4727 hunc
1398 4660 1535 4728 codicem
1556 4664 1700 4729 attribuo.
1745 4659 1890 4728 Ceterum
1912 4682 1930 4726 e
1952 4662 2180 4763 codicemseto,
2203 4666 2549 4755 uonelibrotypisex·

754 4770 883 4849 'presso
896 4765 1130 4855 mamacriptum
1151 4784 1236 4848 esse,
1257 4763 1385 4852 propria
1404 4763 1560 4829 nonnullis
1577 4762 1660 4830 locis
1676 4764 1819 4830 lectionis
1835 4744 2089 4854 indolesprebat,
2110 4769 2271 4831 333138
2294 4765 2418 4850 „Quid
2439 4768 2550 4835 feret

767 4862 832 4929 hic
865 4865 1020 4958 dignum
1049 4875 1160 4934 tauto
1192 4864 1420 4957 promissor
1442 4863 1599 4929 hiatur-⁶
1652 4865 1849 4954 Scriptura
1839 4887 1872 4930 ru
1901 4867 2059 4934 uocibus
2049 4868 2127 4957 ipsis
2149 4867 2295 4956 pauciora
2317 4868 2409 4934 habet
2431 4879 2548 4955 errata,

768 4963 826 5031 scd
856 4967 1040 5054 permulta
1031 4991 1065 5035 ιιι
1092 4968 1261 5053 litteris,
1251 4991 1291 5034 ru
1306 4967 1414 5057 quibus
1436 4964 1458 5032 d
1478 4972 1555 5047 333,
1573 4914 1684 5056 sipla,
1707 4967 1931 5056 ssaepiseimo
1953 4974 2171 5035 commutantur
2194 4969 2238 5050 (v.
2261 4989 2290 5035 3.
2311 4969 2467 5053 ficium,
2495 4972 2550 5037 si·

768 5064 894 5148 dibus,
914 5065 1087 5151 cot-us,
1105 5069 1357 5157 nepharius),
1376 5075 1411 5134 ut
1429 5073 1543 5132 textum
1560 5068 1599 5132 ab
1616 5068 1755 5156 imperito
1766 5068 1891 5136 librario
1907 5071 2095 5137 33333333
2110 5067 2253 5135 31333333
2276 5079 2435 5161 exceptum
2446 5080 2548 5160 putes.

769 5218 772 5225 ·
854 5270 913 5359 11)
929 5265 1074 5341 verb.
1093 5269 1212 5342 von·
1232 5270 1383 5339 lectiones
1404 5271 1442 5338 13
1457 5269 1584 5340 Horatii
1602 5269 1700 5340 libros
1722 5271 1768 5340 de
1789 5273 1888 5340 Arta
1908 5281 2026 5362 poet,
2048 5270 2262 5363 Epictetus
2283 5284 2323 5339 et
2343 5271 2510 5343 8331333
2534 5300 2552 5341 s
