<?xml version="1.0" encoding="UTF-8"?>
<!DOCTYPE html PUBLIC "-//W3C//DTD XHTML 1.0 Transitional//EN"
    "http://www.w3.org/TR/xhtml1/DTD/xhtml1-transitional.dtd">
<html xmlns="http://www.w3.org/1999/xhtml" xml:lang="en" lang="en">
 <head>
  <title>
</title>
<meta http-equiv="Content-Type" content="text/html;charset=utf-8" />
  <meta name='ocr-system' content='tesseract 3.04.00' />
  <meta name='ocr-capabilities' content='ocr_page ocr_carea ocr_par ocr_line ocrx_word'/>
</head>
<body>
  <div class='ocr_page' id='page_1' title='image "./novaequaestione00kircgoog/novaequaestione00kircgoog_0060.png"; bbox 0 0 5725 6392; ppageno 0'>
   <div class='ocr_carea' id='block_1_1' title="bbox 1261 681 1459 804">
    <p class='ocr_par' dir='ltr' id='par_1_1' title="bbox 1261 681 1459 804">
     <span class='ocr_line' id='line_1_1' title="bbox 1261 681 1459 804; baseline 0 0"><span class='ocrx_word' id='word_1_1' title='bbox 1261 681 1275 773; x_wconf 67' lang='grc' dir='ltr'><em>ἶ</em></span> <span class='ocrx_word' id='word_1_2' title='bbox 1407 728 1459 804; x_wconf 79' lang='grc' dir='ltr'><strong>ιιι</strong></span> 
     </span>
    </p>
   </div>
   <div class='ocr_carea' id='block_1_2' title="bbox 1315 831 1555 846">
    <p class='ocr_par' dir='ltr' id='par_1_2' title="bbox 1315 831 1555 846">
     <span class='ocr_line' id='line_1_2' title="bbox 1315 831 1555 846; baseline 0.004 -5"><span class='ocrx_word' id='word_1_3' title='bbox 1315 831 1555 846; x_wconf 49' lang='lat' dir='ltr'><strong>*n-</strong></span> 
     </span>
    </p>
   </div>
   <div class='ocr_carea' id='block_1_3' title="bbox 532 921 2434 3889">
    <p class='ocr_par' dir='ltr' id='par_1_3' title="bbox 532 921 2434 3889">
     <span class='ocr_line' id='line_1_3' title="bbox 533 921 2434 1024; baseline 0.003 -28"><span class='ocrx_word' id='word_1_4' title='bbox 533 932 657 1013; x_wconf 71' lang='grc'><strong>6-9,</strong></span> <span class='ocrx_word' id='word_1_5' title='bbox 679 931 733 995; x_wconf 75' lang='grc'><strong>82.</strong></span> <span class='ocrx_word' id='word_1_6' title='bbox 776 929 959 994; x_wconf 81' lang='lat' dir='ltr'>Membrana</span> <span class='ocrx_word' id='word_1_7' title='bbox 986 931 1076 1017; x_wconf 87' lang='lat' dir='ltr'><strong>hujus</strong></span> <span class='ocrx_word' id='word_1_8' title='bbox 1107 929 1223 997; x_wconf 88' lang='lat' dir='ltr'><strong>codicis</strong></span> <span class='ocrx_word' id='word_1_9' title='bbox 1253 932 1394 998; x_wconf 76' lang='lat' dir='ltr'><strong>crassior</strong></span> <span class='ocrx_word' id='word_1_10' title='bbox 1423 935 1559 1021; x_wconf 90' lang='lat' dir='ltr'><strong>satisque</strong></span> <span class='ocrx_word' id='word_1_11' title='bbox 1581 933 1669 1017; x_wconf 90' lang='lat' dir='ltr'><strong>alba,</strong></span> <span class='ocrx_word' id='word_1_12' title='bbox 1703 933 1758 1019; x_wconf 86' lang='lat' dir='ltr'><strong>sed</strong></span> <span class='ocrx_word' id='word_1_13' title='bbox 1777 934 1959 1020; x_wconf 90' lang='lat' dir='ltr'><strong>inaequalis,</strong></span> <span class='ocrx_word' id='word_1_14' title='bbox 1981 938 2096 1024; x_wconf 90' lang='lat' dir='ltr'><strong>passim</strong></span> <span class='ocrx_word' id='word_1_15' title='bbox 2120 933 2275 1001; x_wconf 85' lang='lat' dir='ltr'><strong>sordidior</strong></span> <span class='ocrx_word' id='word_1_16' title='bbox 2296 945 2328 1002; x_wconf 93' lang='lat' dir='ltr'><strong>et</strong></span> <span class='ocrx_word' id='word_1_17' title='bbox 2430 921 2434 925; x_wconf 32' lang='lat'><strong><em>⁴</em></strong></span> 
     </span>
     <span class='ocr_line' id='line_1_4' title="bbox 536 1030 2326 1126; baseline 0.003 -28"><span class='ocrx_word' id='word_1_18' title='bbox 536 1031 708 1098; x_wconf 82' lang='lat' dir='ltr'><strong>maculosa.</strong></span> <span class='ocrx_word' id='word_1_19' title='bbox 753 1030 920 1097; x_wconf 80' lang='lat' dir='ltr'><strong>Columnae</strong></span> <span class='ocrx_word' id='word_1_20' title='bbox 943 1054 1086 1097; x_wconf 83' lang='lat' dir='ltr'><strong>versuum</strong></span> <span class='ocrx_word' id='word_1_21' title='bbox 1110 1035 1264 1123; x_wconf 79' lang='lat' dir='ltr'><strong>simplices</strong></span> <span class='ocrx_word' id='word_1_22' title='bbox 1287 1036 1408 1122; x_wconf 91' lang='lat' dir='ltr'><strong>ubique,</strong></span> <span class='ocrx_word' id='word_1_23' title='bbox 1431 1058 1578 1124; x_wconf 90' lang='lat' dir='ltr'><strong>nusquam</strong></span> <span class='ocrx_word' id='word_1_24' title='bbox 1601 1037 1748 1126; x_wconf 75' lang='lat' dir='ltr'><strong>duplices.</strong></span> <span class='ocrx_word' id='word_1_25' title='bbox 1782 1036 2121 1118; x_wconf 50' lang='lat' dir='ltr'><strong>¹Liueaetransversae</strong></span> <span class='ocrx_word' id='word_1_26' title='bbox 2142 1060 2199 1126; x_wconf 92' lang='lat' dir='ltr'><strong>per</strong></span> <span class='ocrx_word' id='word_1_27' title='bbox 2221 1057 2326 1104; x_wconf 85' lang='lat' dir='ltr'><strong>omnes</strong></span> 
     </span>
     <span class='ocr_line' id='line_1_5' title="bbox 534 1133 2326 1227; baseline 0.003 -29"><span class='ocrx_word' id='word_1_28' title='bbox 534 1136 670 1225; x_wconf 81' lang='lat' dir='ltr'><strong>paginas</strong></span> <span class='ocrx_word' id='word_1_29' title='bbox 693 1134 764 1199; x_wconf 91' lang='lat' dir='ltr'><strong>stilo</strong></span> <span class='ocrx_word' id='word_1_30' title='bbox 789 1133 896 1199; x_wconf 91' lang='lat' dir='ltr'><strong>ductae</strong></span> <span class='ocrx_word' id='word_1_31' title='bbox 918 1136 1066 1223; x_wconf 79' lang='lat' dir='ltr'><strong>utrimque</strong></span> <span class='ocrx_word' id='word_1_32' title='bbox 1088 1137 1169 1201; x_wconf 90' lang='lat' dir='ltr'><strong>binis</strong></span> <span class='ocrx_word' id='word_1_33' title='bbox 1191 1138 1494 1227; x_wconf 89' lang='lat' dir='ltr'><strong>perpendicularibus</strong></span> <span class='ocrx_word' id='word_1_34' title='bbox 1517 1141 1696 1204; x_wconf 79' lang='lat' dir='ltr'><strong>terminatae</strong></span> <span class='ocrx_word' id='word_1_35' title='bbox 1719 1160 1829 1203; x_wconf 89' lang='lat' dir='ltr'><strong>versus</strong></span> <span class='ocrx_word' id='word_1_36' title='bbox 1846 1140 1879 1203; x_wconf 90' lang='lat' dir='ltr'><strong>iu</strong></span> <span class='ocrx_word' id='word_1_37' title='bbox 1890 1139 2021 1225; x_wconf 90' lang='lat' dir='ltr'><strong>singulis</strong></span> <span class='ocrx_word' id='word_1_38' title='bbox 2033 1141 2155 1227; x_wconf 87' lang='lat' dir='ltr'><strong>paginis</strong></span> <span class='ocrx_word' id='word_1_39' title='bbox 2177 1144 2217 1204; x_wconf 85' lang='lat'><strong>21</strong></span> <span class='ocrx_word' id='word_1_40' title='bbox 2230 1142 2326 1204; x_wconf 75' lang='grc'><strong>-28</strong></span> 
     </span>
     <span class='ocr_line' id='line_1_6' title="bbox 535 1234 2325 1328; baseline 0.003 -27"><span class='ocrx_word' id='word_1_41' title='bbox 535 1236 607 1301; x_wconf 80' lang='lat' dir='ltr'><strong>iere</strong></span> <span class='ocrx_word' id='word_1_42' title='bbox 628 1234 792 1301; x_wconf 92' lang='lat' dir='ltr'><strong>includunt.</strong></span> <span class='ocrx_word' id='word_1_43' title='bbox 836 1235 1046 1302; x_wconf 81' lang='lat' dir='ltr'><strong>Atramentum</strong></span> <span class='ocrx_word' id='word_1_44' title='bbox 1070 1260 1087 1303; x_wconf 92' lang='lat' dir='ltr'><strong>e</strong></span> <span class='ocrx_word' id='word_1_45' title='bbox 1108 1239 1200 1325; x_wconf 89' lang='lat' dir='ltr'><strong>nigro</strong></span> <span class='ocrx_word' id='word_1_46' title='bbox 1230 1241 1359 1306; x_wconf 84' lang='lat' dir='ltr'><strong>fuscum.</strong></span> <span class='ocrx_word' id='word_1_47' title='bbox 1402 1240 1546 1305; x_wconf 87' lang='lat' dir='ltr'><strong>Litterae</strong></span> <span class='ocrx_word' id='word_1_48' title='bbox 1567 1241 1703 1306; x_wconf 84' lang='lat' dir='ltr'><strong>initiales</strong></span> <span class='ocrx_word' id='word_1_49' title='bbox 1725 1263 1868 1305; x_wconf 88' lang='lat' dir='ltr'><strong>versuum</strong></span> <span class='ocrx_word' id='word_1_50' title='bbox 1892 1262 1998 1306; x_wconf 93' lang='lat' dir='ltr'><strong>omnes</strong></span> <span class='ocrx_word' id='word_1_51' title='bbox 2020 1241 2140 1328; x_wconf 84' lang='lat' dir='ltr'><strong>nigrae,</strong></span> <span class='ocrx_word' id='word_1_52' title='bbox 2166 1239 2222 1305; x_wconf 90' lang='lat' dir='ltr'><strong>sed</strong></span> <span class='ocrx_word' id='word_1_53' title='bbox 2244 1243 2325 1306; x_wconf 88' lang='lat' dir='ltr'><strong>eclo-</strong></span> 
     </span>
     <span class='ocr_line' id='line_1_7' title="bbox 537 1339 2325 1432; baseline 0.004 -30"><span class='ocrx_word' id='word_1_54' title='bbox 537 1359 648 1429; x_wconf 81' lang='lat' dir='ltr'><strong>garum</strong></span> <span class='ocrx_word' id='word_1_55' title='bbox 670 1346 701 1404; x_wconf 92' lang='lat' dir='ltr'><strong>et</strong></span> <span class='ocrx_word' id='word_1_56' title='bbox 721 1339 897 1428; x_wconf 90' lang='lat' dir='ltr'><strong>plerumque</strong></span> <span class='ocrx_word' id='word_1_57' title='bbox 921 1340 1074 1404; x_wconf 92' lang='lat' dir='ltr'><strong>titulorum</strong></span> <span class='ocrx_word' id='word_1_58' title='bbox 1098 1361 1226 1427; x_wconf 93' lang='lat' dir='ltr'><strong>quoque,</strong></span> <span class='ocrx_word' id='word_1_59' title='bbox 1249 1343 1299 1406; x_wconf 93' lang='lat' dir='ltr'><strong>ubi</strong></span> <span class='ocrx_word' id='word_1_60' title='bbox 1323 1340 1440 1430; x_wconf 91' lang='lat' dir='ltr'><strong>quidem</strong></span> <span class='ocrx_word' id='word_1_61' title='bbox 1463 1352 1598 1426; x_wconf 88' lang='lat' dir='ltr'><strong>exstant,</strong></span> <span class='ocrx_word' id='word_1_62' title='bbox 1621 1343 1713 1409; x_wconf 92' lang='lat' dir='ltr'><strong>minio</strong></span> <span class='ocrx_word' id='word_1_63' title='bbox 1736 1344 1855 1431; x_wconf 80' lang='lat' dir='ltr'><strong>pictae,</strong></span> <span class='ocrx_word' id='word_1_64' title='bbox 1878 1343 2011 1408; x_wconf 88' lang='lat' dir='ltr'><strong>admixtu</strong></span> <span class='ocrx_word' id='word_1_65' title='bbox 2034 1345 2149 1432; x_wconf 92' lang='lat' dir='ltr'><strong>passim</strong></span> <span class='ocrx_word' id='word_1_66' title='bbox 2168 1343 2325 1431; x_wconf 88' lang='lat' dir='ltr'><strong>pigmento</strong></span> 
     </span>
     <span class='ocr_line' id='line_1_8' title="bbox 536 1439 2326 1533; baseline 0.003 -29"><span class='ocrx_word' id='word_1_67' title='bbox 536 1439 668 1528; x_wconf 90' lang='lat' dir='ltr'><strong>quodam</strong></span> <span class='ocrx_word' id='word_1_68' title='bbox 691 1450 852 1528; x_wconf 89' lang='lat' dir='ltr'><strong>argenteo,</strong></span> <span class='ocrx_word' id='word_1_69' title='bbox 875 1450 908 1505; x_wconf 91' lang='lat' dir='ltr'><strong>ut</strong></span> <span class='ocrx_word' id='word_1_70' title='bbox 928 1441 1067 1530; x_wconf 82' lang='lat' dir='ltr'><strong>inLips.</strong></span> <span class='ocrx_word' id='word_1_71' title='bbox 1088 1445 1118 1507; x_wconf 93' lang='grc'><strong>2.</strong></span> <span class='ocrx_word' id='word_1_72' title='bbox 1141 1444 1257 1533; x_wconf 91' lang='lat' dir='ltr'><strong>passim</strong></span> <span class='ocrx_word' id='word_1_73' title='bbox 1280 1445 1369 1509; x_wconf 90' lang='lat' dir='ltr'><strong>etiam</strong></span> <span class='ocrx_word' id='word_1_74' title='bbox 1392 1447 1503 1532; x_wconf 86' lang='lat' dir='ltr'><strong>nigrae</strong></span> <span class='ocrx_word' id='word_1_75' title='bbox 1526 1446 1660 1510; x_wconf 87' lang='lat' dir='ltr'><strong>initiales</strong></span> <span class='ocrx_word' id='word_1_76' title='bbox 1684 1446 1776 1510; x_wconf 89' lang='lat' dir='ltr'><strong>minio</strong></span> <span class='ocrx_word' id='word_1_77' title='bbox 1792 1444 1894 1510; x_wconf 89' lang='lat' dir='ltr'><strong>additu</strong></span> <span class='ocrx_word' id='word_1_78' title='bbox 1912 1453 2049 1513; x_wconf 82' lang='lat' dir='ltr'><strong>ornatae.</strong></span> <span class='ocrx_word' id='word_1_79' title='bbox 2074 1486 2113 1494; x_wconf 97' lang='lat'>—</span> <span class='ocrx_word' id='word_1_80' title='bbox 2137 1445 2272 1509; x_wconf 85' lang='lat' dir='ltr'><strong>Tituli</strong></span> <span class='ocrx_word' id='word_1_81' title='bbox 2293 1446 2326 1510; x_wconf 93' lang='lat' dir='ltr'><strong>iu</strong></span> 
     </span>
     <span class='ocr_line' id='line_1_9' title="bbox 538 1536 2326 1638; baseline 0.003 -30"><span class='ocrx_word' id='word_1_82' title='bbox 538 1542 673 1632; x_wconf 85' lang='lat' dir='ltr'><strong>singulis</strong></span> <span class='ocrx_word' id='word_1_83' title='bbox 695 1542 783 1625; x_wconf 91' lang='lat' dir='ltr'><strong>libris</strong></span> <span class='ocrx_word' id='word_1_84' title='bbox 812 1536 1014 1633; x_wconf 88' lang='lat' dir='ltr'><strong>superscripti</strong></span> <span class='ocrx_word' id='word_1_85' title='bbox 1039 1551 1071 1607; x_wconf 94' lang='lat' dir='ltr'><strong>et</strong></span> <span class='ocrx_word' id='word_1_86' title='bbox 1100 1545 1132 1610; x_wconf 94' lang='lat' dir='ltr'><strong>iu</strong></span> <span class='ocrx_word' id='word_1_87' title='bbox 1148 1546 1268 1634; x_wconf 75' lang='lat' dir='ltr'><strong>eclogia</strong></span> <span class='ocrx_word' id='word_1_88' title='bbox 1290 1546 1466 1635; x_wconf 90' lang='lat' dir='ltr'><strong>plerisque,</strong></span> <span class='ocrx_word' id='word_1_89' title='bbox 1490 1545 1700 1613; x_wconf 86' lang='lat' dir='ltr'><strong>deficientibus</strong></span> <span class='ocrx_word' id='word_1_90' title='bbox 1723 1546 1804 1612; x_wconf 90' lang='lat' dir='ltr'><strong>baud</strong></span> <span class='ocrx_word' id='word_1_91' title='bbox 1824 1549 1949 1638; x_wconf 87' lang='lat' dir='ltr'><strong>paucis,</strong></span> <span class='ocrx_word' id='word_1_92' title='bbox 1972 1548 2154 1637; x_wconf 91' lang='lat' dir='ltr'><strong>praesertim</strong></span> <span class='ocrx_word' id='word_1_93' title='bbox 2175 1548 2208 1611; x_wconf 93' lang='lat' dir='ltr'><strong>in</strong></span> <span class='ocrx_word' id='word_1_94' title='bbox 2229 1547 2326 1636; x_wconf 88' lang='lat' dir='ltr'><strong>primo</strong></span> 
     </span>
     <span class='ocr_line' id='line_1_10' title="bbox 534 1643 2326 1739; baseline 0.002 -29"><span class='ocrx_word' id='word_1_95' title='bbox 534 1643 630 1729; x_wconf 90' lang='lat' dir='ltr'><strong>libro,</strong></span> <span class='ocrx_word' id='word_1_96' title='bbox 653 1643 719 1711; x_wconf 72' lang='lat' dir='ltr'><strong>cu‘m</strong></span> <span class='ocrx_word' id='word_1_97' title='bbox 732 1647 966 1733; x_wconf 86' lang='lat' dir='ltr'><strong>antiquioribus,</strong></span> <span class='ocrx_word' id='word_1_98' title='bbox 991 1644 1105 1716; x_wconf 82' lang='lat' dir='ltr'><strong>Graev.</strong></span> <span class='ocrx_word' id='word_1_99' title='bbox 1116 1645 1209 1712; x_wconf 88' lang='lat' dir='ltr'><strong>Leid.</strong></span> <span class='ocrx_word' id='word_1_100' title='bbox 1220 1648 1348 1714; x_wconf 89' lang='lat' dir='ltr'><strong>Mentel.</strong></span> <span class='ocrx_word' id='word_1_101' title='bbox 1359 1651 1480 1714; x_wconf 91' lang='lat' dir='ltr'><strong>minime</strong></span> <span class='ocrx_word' id='word_1_102' title='bbox 1492 1652 1688 1733; x_wconf 87' lang='lat' dir='ltr'><strong>conveniunt,</strong></span> <span class='ocrx_word' id='word_1_103' title='bbox 1712 1650 1768 1715; x_wconf 91' lang='lat' dir='ltr'><strong>sed</strong></span> <span class='ocrx_word' id='word_1_104' title='bbox 1782 1673 1847 1715; x_wconf 92' lang='lat' dir='ltr'><strong>cum</strong></span> <span class='ocrx_word' id='word_1_105' title='bbox 1863 1651 1955 1739; x_wconf 88' lang='lat' dir='ltr'><strong>Lips.</strong></span> <span class='ocrx_word' id='word_1_106' title='bbox 1970 1653 2004 1733; x_wconf 76' lang='grc'><strong>3,</strong></span> <span class='ocrx_word' id='word_1_107' title='bbox 2028 1672 2056 1715; x_wconf 88' lang='lat' dir='ltr'><strong>a.</strong></span> <span class='ocrx_word' id='word_1_108' title='bbox 2078 1651 2122 1714; x_wconf 87' lang='lat' dir='ltr'><strong>ita</strong></span> <span class='ocrx_word' id='word_1_109' title='bbox 2136 1649 2326 1738; x_wconf 87' lang='lat' dir='ltr'><strong>conspirant,</strong></span> 
     </span>
     <span class='ocr_line' id='line_1_11' title="bbox 535 1746 2327 1841; baseline 0.003 -29"><span class='ocrx_word' id='word_1_110' title='bbox 535 1755 571 1841; x_wconf 78' lang='lat' dir='ltr'><strong>ut</strong></span> <span class='ocrx_word' id='word_1_111' title='bbox 592 1768 634 1812; x_wconf 86' lang='lat' dir='ltr'><strong>ex</strong></span> <span class='ocrx_word' id='word_1_112' title='bbox 648 1769 708 1813; x_wconf 93' lang='lat' dir='ltr'><strong>unu</strong></span> <span class='ocrx_word' id='word_1_113' title='bbox 731 1749 819 1814; x_wconf 83' lang='lat' dir='ltr'><strong>fonte</strong></span> <span class='ocrx_word' id='word_1_114' title='bbox 841 1748 873 1814; x_wconf 93' lang='lat' dir='ltr'><strong>in</strong></span> <span class='ocrx_word' id='word_1_115' title='bbox 896 1757 1024 1836; x_wconf 90' lang='lat' dir='ltr'><strong>utroque</strong></span> <span class='ocrx_word' id='word_1_116' title='bbox 1036 1746 1118 1814; x_wconf 88' lang='lat' dir='ltr'><strong>ducti</strong></span> <span class='ocrx_word' id='word_1_117' title='bbox 1133 1771 1205 1815; x_wconf 90' lang='lat' dir='ltr'><strong>esse</strong></span> <span class='ocrx_word' id='word_1_118' title='bbox 1221 1751 1390 1818; x_wconf 87' lang='lat' dir='ltr'><strong>videantur.</strong></span> <span class='ocrx_word' id='word_1_119' title='bbox 1434 1751 1486 1817; x_wconf 85' lang='lat' dir='ltr'><strong>Ex</strong></span> <span class='ocrx_word' id='word_1_120' title='bbox 1502 1775 1550 1840; x_wconf 88' lang='lat' dir='ltr'><strong>gr.</strong></span> <span class='ocrx_word' id='word_1_121' title='bbox 1566 1752 1640 1818; x_wconf 86' lang='lat' dir='ltr'><strong>Lib.</strong></span> <span class='ocrx_word' id='word_1_122' title='bbox 1655 1751 1696 1817; x_wconf 89' lang='lat' dir='ltr'><strong>ll.</strong></span> <span class='ocrx_word' id='word_1_123' title='bbox 1714 1751 1752 1833; x_wconf 80' lang='lat' dir='ltr'><strong>Q.</strong></span> <span class='ocrx_word' id='word_1_124' title='bbox 1767 1752 1934 1818; x_wconf 87' lang='lat' dir='ltr'><strong>Horatii</strong></span> <span class='ocrx_word' id='word_1_125' title='bbox 1947 1752 2086 1817; x_wconf 88' lang='lat' dir='ltr'><strong>Flacci</strong></span> <span class='ocrx_word' id='word_1_126' title='bbox 2100 1750 2327 1818; x_wconf 86' lang='lat' dir='ltr'><strong>Carminum</strong></span> 
     </span>
     <span class='ocr_line' id='line_1_12' title="bbox 535 1824 2325 1942; baseline 0.002 -28"><span class='ocrx_word' id='word_1_127' title='bbox 535 1824 611 1915; x_wconf 85' lang='lat' dir='ltr'><strong>Lib.</strong></span> <span class='ocrx_word' id='word_1_128' title='bbox 635 1848 661 1915; x_wconf 90' lang='grc' dir='ltr'><strong>Ι.</strong></span> <span class='ocrx_word' id='word_1_129' title='bbox 684 1850 853 1940; x_wconf 85' lang='lat' dir='ltr'><strong>explicit</strong></span> <span class='ocrx_word' id='word_1_130' title='bbox 873 1851 997 1938; x_wconf 86' lang='lat' dir='ltr'><strong>(linit.</strong></span> <span class='ocrx_word' id='word_1_131' title='bbox 1022 1850 1119 1936; x_wconf 86' lang='lat' dir='ltr'><strong>Tur.)</strong></span> <span class='ocrx_word' id='word_1_132' title='bbox 1141 1851 1291 1942; x_wconf 93' lang='lat' dir='ltr'><strong>Incipit</strong></span> <span class='ocrx_word' id='word_1_133' title='bbox 1311 1854 1456 1922; x_wconf 87' lang='lat' dir='ltr'><strong>Lib.ll.</strong></span> <span class='ocrx_word' id='word_1_134' title='bbox 1477 1854 1516 1920; x_wconf 91' lang='lat' dir='ltr'><strong>ad</strong></span> <span class='ocrx_word' id='word_1_135' title='bbox 1537 1854 1721 1921; x_wconf 81' lang='lat' dir='ltr'><strong>Asinium</strong></span> <span class='ocrx_word' id='word_1_136' title='bbox 1742 1855 1975 1921; x_wconf 91' lang='lat' dir='ltr'><strong>Pollionem</strong></span> <span class='ocrx_word' id='word_1_137' title='bbox 1997 1855 2251 1919; x_wconf 91' lang='lat' dir='ltr'><strong>consularem</strong></span> <span class='ocrx_word' id='word_1_138' title='bbox 2275 1854 2325 1919; x_wconf 88' lang='lat' dir='ltr'><strong>vi·</strong></span> 
     </span>
     <span class='ocr_line' id='line_1_13' title="bbox 535 1948 2326 2046; baseline 0.001 -28"><span class='ocrx_word' id='word_1_139' title='bbox 535 1948 628 2018; x_wconf 85' lang='lat' dir='ltr'><strong>rum.</strong></span> <span class='ocrx_word' id='word_1_140' title='bbox 651 1955 682 2016; x_wconf 89' lang='grc'><strong>2.</strong></span> <span class='ocrx_word' id='word_1_141' title='bbox 706 1951 765 2017; x_wconf 78' lang='lat' dir='ltr'><strong>Ad</strong></span> <span class='ocrx_word' id='word_1_142' title='bbox 788 1951 974 2042; x_wconf 87' lang='lat' dir='ltr'><strong>Crispum</strong></span> <span class='ocrx_word' id='word_1_143' title='bbox 996 1953 1229 2024; x_wconf 86' lang='lat' dir='ltr'><strong>Salustium.</strong></span> <span class='ocrx_word' id='word_1_144' title='bbox 1249 1955 1555 2026; x_wconf 72' lang='lat' dir='ltr'><strong>anthenium.</strong></span> <span class='ocrx_word' id='word_1_145' title='bbox 1577 1960 1609 2024; x_wconf 77' lang='lat'><strong>4.</strong></span> <span class='ocrx_word' id='word_1_146' title='bbox 1631 1955 1690 2021; x_wconf 76' lang='lat' dir='ltr'><strong>rid</strong></span> <span class='ocrx_word' id='word_1_147' title='bbox 1710 1956 1927 2022; x_wconf 89' lang='lat' dir='ltr'><strong>Xanthiam</strong></span> <span class='ocrx_word' id='word_1_148' title='bbox 1950 1956 2190 2046; x_wconf 84' lang='lat' dir='ltr'><strong>Tralippanc</strong></span> <span class='ocrx_word' id='word_1_149' title='bbox 2212 1955 2326 2036; x_wconf 87' lang='lat' dir='ltr'><strong>(Tra-</strong></span> 
     </span>
     <span class='ocr_line' id='line_1_14' title="bbox 535 2053 2327 2149; baseline 0 -28"><span class='ocrx_word' id='word_1_150' title='bbox 535 2053 682 2144; x_wconf 90' lang='lat' dir='ltr'><strong>liptam</strong></span> <span class='ocrx_word' id='word_1_151' title='bbox 700 2054 781 2122; x_wconf 86' lang='lat' dir='ltr'><strong>Tur.</strong></span> <span class='ocrx_word' id='word_1_152' title='bbox 802 2076 864 2121; x_wconf 93' lang='lat' dir='ltr'><strong>non</strong></span> <span class='ocrx_word' id='word_1_153' title='bbox 888 2057 1154 2145; x_wconf 89' lang='lat' dir='ltr'><strong>iatraliptam,</strong></span> <span class='ocrx_word' id='word_1_154' title='bbox 1177 2068 1271 2148; x_wconf 88' lang='lat' dir='ltr'><strong>utap.</strong></span> <span class='ocrx_word' id='word_1_155' title='bbox 1296 2058 1390 2126; x_wconf 86' lang='lat' dir='ltr'><strong>Orell.</strong></span> <span class='ocrx_word' id='word_1_156' title='bbox 1414 2082 1443 2126; x_wconf 87' lang='lat' dir='ltr'><strong>v.</strong></span> <span class='ocrx_word' id='word_1_157' title='bbox 1469 2082 1536 2149; x_wconf 87' lang='lat' dir='ltr'><strong>sup.</strong></span> <span class='ocrx_word' id='word_1_158' title='bbox 1559 2083 1607 2125; x_wconf 87' lang='lat' dir='ltr'><strong>nr.</strong></span> <span class='ocrx_word' id='word_1_159' title='bbox 1632 2062 1703 2141; x_wconf 76' lang='lat' dir='ltr'><strong>da.)</strong></span> <span class='ocrx_word' id='word_1_160' title='bbox 1726 2059 1913 2125; x_wconf 90' lang='lat' dir='ltr'><strong>ancillam</strong></span> <span class='ocrx_word' id='word_1_161' title='bbox 1936 2059 2228 2125; x_wconf 91' lang='lat' dir='ltr'><strong>amarecrimen</strong></span> <span class='ocrx_word' id='word_1_162' title='bbox 2249 2078 2327 2122; x_wconf 91' lang='lat' dir='ltr'><strong>non</strong></span> 
     </span>
     <span class='ocr_line' id='line_1_15' title="bbox 536 2157 2326 2248; baseline 0.002 -27"><span class='ocrx_word' id='word_1_163' title='bbox 536 2157 934 2248; x_wconf 86' lang='lat' dir='ltr'><strong>esse.(prutreptice</strong></span> <span class='ocrx_word' id='word_1_164' title='bbox 957 2160 1197 2228; x_wconf 91' lang='lat' dir='ltr'><strong>tetracolus.</strong></span> <span class='ocrx_word' id='word_1_165' title='bbox 1222 2160 1302 2227; x_wconf 87' lang='lat' dir='ltr'><strong>Tur.</strong></span> <span class='ocrx_word' id='word_1_166' title='bbox 1320 2161 1438 2248; x_wconf 84' lang='lat' dir='ltr'><strong>addit).</strong></span> <span class='ocrx_word' id='word_1_167' title='bbox 1483 2161 1753 2228; x_wconf 86' lang='lat' dir='ltr'><strong>Glossaeinter</strong></span> <span class='ocrx_word' id='word_1_168' title='bbox 1766 2163 1865 2228; x_wconf 86' lang='lat' dir='ltr'><strong>lineas</strong></span> <span class='ocrx_word' id='word_1_169' title='bbox 1882 2171 1913 2226; x_wconf 92' lang='lat' dir='ltr'><strong>et</strong></span> <span class='ocrx_word' id='word_1_170' title='bbox 1934 2161 2094 2227; x_wconf 91' lang='lat' dir='ltr'><strong>scholia</strong></span> <span class='ocrx_word' id='word_1_171' title='bbox 2117 2159 2155 2225; x_wconf 91' lang='lat' dir='ltr'><strong>ad</strong></span> <span class='ocrx_word' id='word_1_172' title='bbox 2170 2160 2326 2247; x_wconf 87' lang='lat' dir='ltr'><strong>margines</strong></span> 
     </span>
     <span class='ocr_line' id='line_1_16' title="bbox 534 2258 2329 2353; baseline 0.001 -30"><span class='ocrx_word' id='word_1_173' title='bbox 534 2258 571 2323; x_wconf 91' lang='lat' dir='ltr'><strong>in</strong></span> <span class='ocrx_word' id='word_1_174' title='bbox 585 2259 779 2346; x_wconf 88' lang='lat' dir='ltr'><strong>paucissimis</strong></span> <span class='ocrx_word' id='word_1_175' title='bbox 792 2261 881 2326; x_wconf 91' lang='lat' dir='ltr'><strong>modo</strong></span> <span class='ocrx_word' id='word_1_176' title='bbox 893 2263 1017 2352; x_wconf 86' lang='lat' dir='ltr'><strong>paginis</strong></span> <span class='ocrx_word' id='word_1_177' title='bbox 1031 2270 1166 2346; x_wconf 90' lang='lat' dir='ltr'><strong>exstant,</strong></span> <span class='ocrx_word' id='word_1_178' title='bbox 1178 2285 1267 2328; x_wconf 90' lang='lat' dir='ltr'><strong>mauu</strong></span> <span class='ocrx_word' id='word_1_179' title='bbox 1279 2266 1413 2352; x_wconf 87' lang='lat' dir='ltr'><strong>antiqua,</strong></span> <span class='ocrx_word' id='word_1_180' title='bbox 1429 2264 1480 2330; x_wconf 80' lang='lat' dir='ltr'><strong>vel</strong></span> <span class='ocrx_word' id='word_1_181' title='bbox 1492 2265 1629 2353; x_wconf 87' lang='lat' dir='ltr'><strong>ejusdem</strong></span> <span class='ocrx_word' id='word_1_182' title='bbox 1641 2264 1692 2329; x_wconf 83' lang='lat' dir='ltr'><strong>vel</strong></span> <span class='ocrx_word' id='word_1_183' title='bbox 1704 2265 1895 2351; x_wconf 90' lang='lat' dir='ltr'><strong>insequentis</strong></span> <span class='ocrx_word' id='word_1_184' title='bbox 1908 2264 2034 2329; x_wconf 81' lang='lat' dir='ltr'><strong>saeculi.</strong></span> <span class='ocrx_word' id='word_1_185' title='bbox 2046 2299 2088 2311; x_wconf 96' lang='lat'>—</span> <span class='ocrx_word' id='word_1_186' title='bbox 2111 2262 2329 2351; x_wconf 88' lang='lat' dir='ltr'><strong>Scriptura</strong></span> 
     </span>
     <span class='ocr_line' id='line_1_17' title="bbox 535 2360 2393 2454; baseline 0.001 -29"><span class='ocrx_word' id='word_1_187' title='bbox 535 2360 629 2447; x_wconf 86' lang='lat' dir='ltr'><strong>hujus</strong></span> <span class='ocrx_word' id='word_1_188' title='bbox 658 2361 773 2428; x_wconf 90' lang='lat' dir='ltr'><strong>codicis</strong></span> <span class='ocrx_word' id='word_1_189' title='bbox 803 2365 912 2453; x_wconf 90' lang='lat' dir='ltr'><strong>plana,</strong></span> <span class='ocrx_word' id='word_1_190' title='bbox 942 2363 1113 2449; x_wconf 91' lang='lat' dir='ltr'><strong>luculenta,</strong></span> <span class='ocrx_word' id='word_1_191' title='bbox 1140 2367 1222 2431; x_wconf 83' lang='lat' dir='ltr'><strong>&#39;satis</strong></span> <span class='ocrx_word' id='word_1_192' title='bbox 1246 2367 1374 2454; x_wconf 85' lang='lat' dir='ltr'><strong>grandis</strong></span> <span class='ocrx_word' id='word_1_193' title='bbox 1398 2373 1429 2431; x_wconf 92' lang='lat' dir='ltr'><strong>et</strong></span> <span class='ocrx_word' id='word_1_194' title='bbox 1451 2368 1534 2451; x_wconf 89' lang='lat' dir='ltr'><strong>laxa,</strong></span> <span class='ocrx_word' id='word_1_195' title='bbox 1557 2366 1753 2431; x_wconf 90' lang='lat' dir='ltr'><strong>minusculam</strong></span> <span class='ocrx_word' id='word_1_196' title='bbox 1775 2366 1946 2430; x_wconf 88' lang='lat' dir='ltr'><strong>Romanam</strong></span> <span class='ocrx_word' id='word_1_197' title='bbox 1969 2365 2085 2431; x_wconf 89' lang='lat' dir='ltr'><strong>saeculi</strong></span> <span class='ocrx_word' id='word_1_198' title='bbox 2106 2364 2146 2431; x_wconf 83' lang='lat' dir='ltr'><strong>X.</strong></span> <span class='ocrx_word' id='word_1_199' title='bbox 2168 2385 2274 2452; x_wconf 89' lang='lat' dir='ltr'><strong>puram</strong></span> <span class='ocrx_word' id='word_1_200' title='bbox 2297 2370 2329 2427; x_wconf 92' lang='lat' dir='ltr'><strong>et</strong></span> <span class='ocrx_word' id='word_1_201' title='bbox 2389 2420 2393 2427; x_wconf 89' lang='lat'>.</span> 
     </span>
     <span class='ocr_line' id='line_1_18' title="bbox 537 2461 2327 2556; baseline 0.001 -29"><span class='ocrx_word' id='word_1_202' title='bbox 537 2461 722 2552; x_wconf 86' lang='lat' dir='ltr'><strong>explicatam</strong></span> <span class='ocrx_word' id='word_1_203' title='bbox 751 2464 868 2548; x_wconf 79' lang='lat' dir='ltr'><strong>refert,</strong></span> <span class='ocrx_word' id='word_1_204' title='bbox 896 2466 985 2554; x_wconf 87' lang='lat' dir='ltr'><strong>puulo</strong></span> <span class='ocrx_word' id='word_1_205' title='bbox 1016 2468 1116 2554; x_wconf 89' lang='lat' dir='ltr'><strong>magis</strong></span> <span class='ocrx_word' id='word_1_206' title='bbox 1146 2469 1344 2555; x_wconf 91' lang='lat' dir='ltr'><strong>angulosam,</strong></span> <span class='ocrx_word' id='word_1_207' title='bbox 1379 2490 1466 2556; x_wconf 88' lang='lat' dir='ltr'><strong>quam</strong></span> <span class='ocrx_word' id='word_1_208' title='bbox 1496 2469 1527 2533; x_wconf 94' lang='lat' dir='ltr'><strong>in</strong></span> <span class='ocrx_word' id='word_1_209' title='bbox 1559 2468 1627 2533; x_wconf 88' lang='lat' dir='ltr'><strong>cod.</strong></span> <span class='ocrx_word' id='word_1_210' title='bbox 1649 2468 1774 2534; x_wconf 89' lang='lat' dir='ltr'><strong>Morell.</strong></span> <span class='ocrx_word' id='word_1_211' title='bbox 1798 2489 1922 2556; x_wconf 92' lang='lat' dir='ltr'><strong>quocum</strong></span> <span class='ocrx_word' id='word_1_212' title='bbox 1951 2467 2109 2556; x_wconf 91' lang='lat' dir='ltr'><strong>plurimum</strong></span> <span class='ocrx_word' id='word_1_213' title='bbox 2131 2464 2327 2553; x_wconf 88' lang='lat' dir='ltr'><strong>cognationis</strong></span> 
     </span>
     <span class='ocr_line' id='line_1_19' title="bbox 536 2565 2325 2659; baseline 0 -29"><span class='ocrx_word' id='word_1_214' title='bbox 536 2565 640 2632; x_wconf 82' lang='lat' dir='ltr'><strong>habet</strong></span> <span class='ocrx_word' id='word_1_215' title='bbox 683 2567 952 2655; x_wconf 88' lang='lat' dir='ltr'><strong>Diphthougurum</strong></span> <span class='ocrx_word' id='word_1_216' title='bbox 975 2589 1024 2652; x_wconf 93' lang='lat' dir='ltr'><strong>ae,</strong></span> <span class='ocrx_word' id='word_1_217' title='bbox 1048 2591 1086 2634; x_wconf 93' lang='lat' dir='ltr'><strong>oe</strong></span> <span class='ocrx_word' id='word_1_218' title='bbox 1109 2591 1174 2634; x_wconf 93' lang='lat' dir='ltr'><strong>cum</strong></span> <span class='ocrx_word' id='word_1_219' title='bbox 1198 2571 1279 2659; x_wconf 90' lang='lat' dir='ltr'><strong>siglo</strong></span> <span class='ocrx_word' id='word_1_220' title='bbox 1303 2593 1331 2636; x_wconf 85' lang='lat' dir='ltr'>ae</span> <span class='ocrx_word' id='word_1_221' title='bbox 1354 2594 1429 2636; x_wconf 90' lang='lat' dir='ltr'><strong>usus</strong></span> <span class='ocrx_word' id='word_1_222' title='bbox 1452 2573 1618 2657; x_wconf 84' lang='lat' dir='ltr'><strong>srequenr3</strong></span> <span class='ocrx_word' id='word_1_223' title='bbox 1642 2592 1698 2654; x_wconf 90' lang='lat' dir='ltr'><strong>ae,</strong></span> <span class='ocrx_word' id='word_1_224' title='bbox 1723 2592 1768 2635; x_wconf 93' lang='lat' dir='ltr'><strong>oe</strong></span> <span class='ocrx_word' id='word_1_225' title='bbox 1791 2571 2007 2659; x_wconf 85' lang='lat' dir='ltr'><strong>proepassim</strong></span> <span class='ocrx_word' id='word_1_226' title='bbox 2030 2569 2235 2655; x_wconf 87' lang='lat' dir='ltr'><strong>(aequitat,</strong></span> <span class='ocrx_word' id='word_1_227' title='bbox 2258 2565 2325 2632; x_wconf 85' lang='lat' dir='ltr'><strong>So-</strong></span> 
     </span>
     <span class='ocr_line' id='line_1_20' title="bbox 535 2668 2328 2771; baseline -0.001 -38"><span class='ocrx_word' id='word_1_228' title='bbox 535 2674 688 2751; x_wconf 84' lang='lat' dir='ltr'><strong>ractae,</strong></span> <span class='ocrx_word' id='word_1_229' title='bbox 711 2676 849 2753; x_wconf 91' lang='lat' dir='ltr'><strong>moeta,</strong></span> <span class='ocrx_word' id='word_1_230' title='bbox 872 2671 1048 2767; x_wconf 18' lang='lat' dir='ltr'><strong>sueurox):</strong></span> <span class='ocrx_word' id='word_1_231' title='bbox 1073 2672 1181 2756; x_wconf 89' lang='lat' dir='ltr'><strong>sede,</strong></span> <span class='ocrx_word' id='word_1_232' title='bbox 1204 2697 1226 2771; x_wconf 70' lang='lat' dir='ltr'><strong>p</strong></span> <span class='ocrx_word' id='word_1_233' title='bbox 1247 2696 1303 2762; x_wconf 91' lang='lat' dir='ltr'><strong>pro</strong></span> <span class='ocrx_word' id='word_1_234' title='bbox 1328 2693 1383 2757; x_wconf 86' lang='lat' dir='ltr'><strong>ae,</strong></span> <span class='ocrx_word' id='word_1_235' title='bbox 1408 2693 1453 2738; x_wconf 91' lang='lat' dir='ltr'><strong>oe</strong></span> <span class='ocrx_word' id='word_1_236' title='bbox 1475 2672 1660 2761; x_wconf 87' lang='lat' dir='ltr'><strong>plerumque.</strong></span> <span class='ocrx_word' id='word_1_237' title='bbox 1683 2694 1695 2736; x_wconf 90' lang='lat'><em>1</em></span> <span class='ocrx_word' id='word_1_238' title='bbox 1716 2694 1822 2761; x_wconf 92' lang='lat' dir='ltr'><strong>purum</strong></span> <span class='ocrx_word' id='word_1_239' title='bbox 1845 2674 1967 2759; x_wconf 88' lang='lat' dir='ltr'><strong>ubique,</strong></span> <span class='ocrx_word' id='word_1_240' title='bbox 1990 2692 2053 2735; x_wconf 89' lang='lat' dir='ltr'><strong>nou</strong></span> <span class='ocrx_word' id='word_1_241' title='bbox 2076 2669 2088 2734; x_wconf 88' lang='lat' dir='ltr'><strong>i</strong></span> <span class='ocrx_word' id='word_1_242' title='bbox 2108 2670 2158 2734; x_wconf 83' lang='lat' dir='ltr'><strong>vel</strong></span> <span class='ocrx_word' id='word_1_243' title='bbox 2180 2670 2203 2738; x_wconf 86' lang='lat' dir='ltr'><strong>i.</strong></span> <span class='ocrx_word' id='word_1_244' title='bbox 2226 2668 2245 2732; x_wconf 94' lang='lat' dir='ltr'><strong>d</strong></span> <span class='ocrx_word' id='word_1_245' title='bbox 2266 2684 2328 2732; x_wconf 91' lang='lat' dir='ltr'><strong>nou</strong></span> 
     </span>
     <span class='ocr_line' id='line_1_21' title="bbox 537 2767 2326 2862; baseline 0.002 -28"><span class='ocrx_word' id='word_1_246' title='bbox 537 2767 575 2834; x_wconf 90' lang='lat' dir='ltr'><strong>d:</strong></span> <span class='ocrx_word' id='word_1_247' title='bbox 598 2792 628 2854; x_wconf 89' lang='lat' dir='ltr'><strong>r,</strong></span> <span class='ocrx_word' id='word_1_248' title='bbox 650 2791 712 2835; x_wconf 91' lang='lat' dir='ltr'><strong>nou</strong></span> <span class='ocrx_word' id='word_1_249' title='bbox 732 2790 767 2852; x_wconf 80' lang='lat'><strong>23</strong></span> <span class='ocrx_word' id='word_1_250' title='bbox 798 2792 836 2853; x_wconf 89' lang='lat' dir='ltr'><strong>u,</strong></span> <span class='ocrx_word' id='word_1_251' title='bbox 865 2792 928 2836; x_wconf 92' lang='lat' dir='ltr'><strong>non</strong></span> <span class='ocrx_word' id='word_1_252' title='bbox 956 2794 985 2836; x_wconf 79' lang='lat' dir='ltr'><strong>v·</strong></span> <span class='ocrx_word' id='word_1_253' title='bbox 1019 2774 1035 2837; x_wconf 85' lang='lat' dir='ltr'><strong>l</strong></span> <span class='ocrx_word' id='word_1_254' title='bbox 1053 2772 1177 2862; x_wconf 91' lang='lat' dir='ltr'><strong>longum</strong></span> <span class='ocrx_word' id='word_1_255' title='bbox 1200 2776 1328 2862; x_wconf 89' lang='lat' dir='ltr'><strong>ubique,</strong></span> <span class='ocrx_word' id='word_1_256' title='bbox 1360 2796 1375 2838; x_wconf 91' lang='lat' dir='ltr'><strong>s</strong></span> <span class='ocrx_word' id='word_1_257' title='bbox 1404 2775 1438 2838; x_wconf 93' lang='lat' dir='ltr'><strong>iu</strong></span> <span class='ocrx_word' id='word_1_258' title='bbox 1466 2773 1655 2859; x_wconf 83' lang='lat' dir='ltr'><strong>finevocum</strong></span> <span class='ocrx_word' id='word_1_259' title='bbox 1678 2775 1851 2857; x_wconf 90' lang='lat' dir='ltr'><strong>rarissime,</strong></span> <span class='ocrx_word' id='word_1_260' title='bbox 1875 2773 1964 2838; x_wconf 93' lang='lat' dir='ltr'><strong>modo</strong></span> <span class='ocrx_word' id='word_1_261' title='bbox 1989 2794 2054 2837; x_wconf 94' lang='lat' dir='ltr'><strong>cum</strong></span> <span class='ocrx_word' id='word_1_262' title='bbox 2080 2770 2161 2859; x_wconf 90' lang='lat' dir='ltr'><strong>siglo</strong></span> <span class='ocrx_word' id='word_1_263' title='bbox 2180 2772 2326 2856; x_wconf 73' lang='lat' dir='ltr'><strong>junctum.</strong></span> 
     </span>
     <span class='ocr_line' id='line_1_22' title="bbox 537 2868 2330 2964; baseline -0.001 -26"><span class='ocrx_word' id='word_1_264' title='bbox 537 2868 660 2960; x_wconf 87' lang='lat' dir='ltr'><strong>Sigla</strong></span> <span class='ocrx_word' id='word_1_265' title='bbox 688 2879 727 2937; x_wconf 92' lang='lat' dir='ltr'><strong>et</strong></span> <span class='ocrx_word' id='word_1_266' title='bbox 753 2871 985 2959; x_wconf 90' lang='lat' dir='ltr'><strong>compendia</strong></span> <span class='ocrx_word' id='word_1_267' title='bbox 1015 2875 1226 2940; x_wconf 87' lang='lat' dir='ltr'><strong>scribendi</strong></span> <span class='ocrx_word' id='word_1_268' title='bbox 1252 2898 1317 2941; x_wconf 91' lang='lat' dir='ltr'><strong>uon</strong></span> <span class='ocrx_word' id='word_1_269' title='bbox 1346 2874 1455 2939; x_wconf 86' lang='lat' dir='ltr'><strong>multa:</strong></span> <span class='ocrx_word' id='word_1_270' title='bbox 1489 2873 1520 2939; x_wconf 73' lang='lat' dir='ltr'><strong>d</strong></span> <span class='ocrx_word' id='word_1_271' title='bbox 1542 2876 1709 2963; x_wconf 76' lang='lat' dir='ltr'><strong>frequens,</strong></span> <span class='ocrx_word' id='word_1_272' title='bbox 1731 2877 1764 2941; x_wconf 94' lang='lat' dir='ltr'><strong>in</strong></span> <span class='ocrx_word' id='word_1_273' title='bbox 1786 2876 1864 2964; x_wconf 89' lang='lat' dir='ltr'><strong>ipsis</strong></span> <span class='ocrx_word' id='word_1_274' title='bbox 1889 2895 2007 2962; x_wconf 92' lang='lat' dir='ltr'><strong>quoque</strong></span> <span class='ocrx_word' id='word_1_275' title='bbox 2029 2874 2156 2938; x_wconf 83' lang='lat' dir='ltr'><strong>vocibus</strong></span> <span class='ocrx_word' id='word_1_276' title='bbox 2180 2870 2330 2955; x_wconf 68' lang='lat' dir='ltr'><strong>(licdc)6</strong></span> 
     </span>
     <span class='ocr_line' id='line_1_23' title="bbox 533 2973 2326 3069; baseline 0.002 -30"><span class='ocrx_word' id='word_1_277' title='bbox 533 2995 594 3064; x_wconf 87' lang='lat' dir='ltr'><strong>pro</strong></span> <span class='ocrx_word' id='word_1_278' title='bbox 617 2981 681 3069; x_wconf 84' lang='lat' dir='ltr'><strong>est</strong></span> <span class='ocrx_word' id='word_1_279' title='bbox 700 2974 893 3065; x_wconf 77' lang='lat' dir='ltr'><strong>plerumquet</strong></span> <span class='ocrx_word' id='word_1_280' title='bbox 919 2991 961 3047; x_wconf 57' lang='grc' dir='ltr'><strong>ωζι</strong></span> <span class='ocrx_word' id='word_1_281' title='bbox 983 2977 1085 3042; x_wconf 91' lang='lat' dir='ltr'><strong>rarius</strong></span> <span class='ocrx_word' id='word_1_282' title='bbox 1108 2978 1218 3060; x_wconf 85' lang='lat' dir='ltr'><strong>(bisin</strong></span> <span class='ocrx_word' id='word_1_283' title='bbox 1241 2976 1391 3063; x_wconf 75' lang='lat' dir='ltr'><strong>ripert.)</strong></span> <span class='ocrx_word' id='word_1_284' title='bbox 1414 2975 1450 3062; x_wconf 72' lang='lat' dir='ltr'><strong>l-</strong></span> <span class='ocrx_word' id='word_1_285' title='bbox 1471 2979 1710 3066; x_wconf 91' lang='lat' dir='ltr'><strong>superscriptum</strong></span> <span class='ocrx_word' id='word_1_286' title='bbox 1733 2998 1790 3065; x_wconf 93' lang='lat' dir='ltr'><strong>pro</strong></span> <span class='ocrx_word' id='word_1_287' title='bbox 1813 2978 1845 3041; x_wconf 90' lang='lat' dir='ltr'><strong>h.</strong></span> <span class='ocrx_word' id='word_1_288' title='bbox 1866 2975 2147 3063; x_wconf 91' lang='lat' dir='ltr'><strong>Interpuuctio</strong></span> <span class='ocrx_word' id='word_1_289' title='bbox 2171 2975 2246 3038; x_wconf 92' lang='lat' dir='ltr'><strong>utin</strong></span> <span class='ocrx_word' id='word_1_290' title='bbox 2259 2973 2326 3042; x_wconf 73' lang='lat' dir='ltr'><strong>cod.</strong></span> 
     </span>
     <span class='ocr_line' id='line_1_24' title="bbox 534 3073 2328 3168; baseline 0 -27"><span class='ocrx_word' id='word_1_291' title='bbox 534 3073 621 3141; x_wconf 81' lang='lat' dir='ltr'><strong>Mor.</strong></span> <span class='ocrx_word' id='word_1_292' title='bbox 645 3115 684 3126; x_wconf 93' lang='lat'><em>-</em></span> <span class='ocrx_word' id='word_1_293' title='bbox 705 3074 1014 3168; x_wconf 73' lang='lat' dir='ltr'><strong>&#39;orthographia</strong></span> <span class='ocrx_word' id='word_1_294' title='bbox 1036 3100 1181 3152; x_wconf 88' lang='lat' dir='ltr'><strong>vocum,</strong></span> <span class='ocrx_word' id='word_1_295' title='bbox 1206 3079 1266 3141; x_wconf 85' lang='lat' dir='ltr'><strong>etsi</strong></span> <span class='ocrx_word' id='word_1_296' title='bbox 1288 3078 1398 3142; x_wconf 91' lang='lat' dir='ltr'><strong>crebro</strong></span> <span class='ocrx_word' id='word_1_297' title='bbox 1420 3078 1547 3160; x_wconf 85' lang='lat' dir='ltr'><strong>vitiosa,</strong></span> <span class='ocrx_word' id='word_1_298' title='bbox 1570 3078 1682 3142; x_wconf 91' lang='lat' dir='ltr'><strong>litteris</strong></span> <span class='ocrx_word' id='word_1_299' title='bbox 1705 3078 1717 3140; x_wconf 96' lang='lat' dir='ltr'><strong>i</strong></span> <span class='ocrx_word' id='word_1_300' title='bbox 1741 3084 1773 3142; x_wconf 92' lang='lat' dir='ltr'><strong>et</strong></span> <span class='ocrx_word' id='word_1_301' title='bbox 1793 3100 1827 3164; x_wconf 86' lang='lat' dir='ltr'><strong>y,</strong></span> <span class='ocrx_word' id='word_1_302' title='bbox 1849 3077 1868 3140; x_wconf 98' lang='lat' dir='ltr'><strong>b</strong></span> <span class='ocrx_word' id='word_1_303' title='bbox 1891 3085 1922 3141; x_wconf 91' lang='lat' dir='ltr'><strong>et</strong></span> <span class='ocrx_word' id='word_1_304' title='bbox 1943 3098 1975 3165; x_wconf 93' lang='lat' dir='ltr'><strong>p,</strong></span> <span class='ocrx_word' id='word_1_305' title='bbox 1999 3074 2018 3139; x_wconf 93' lang='lat' dir='ltr'><strong>d</strong></span> <span class='ocrx_word' id='word_1_306' title='bbox 2040 3083 2072 3140; x_wconf 91' lang='lat' dir='ltr'><strong>et</strong></span> <span class='ocrx_word' id='word_1_307' title='bbox 2093 3084 2232 3141; x_wconf 91' lang='lat' dir='ltr'><strong>ttemere</strong></span> <span class='ocrx_word' id='word_1_308' title='bbox 2246 3077 2328 3141; x_wconf 90' lang='lat' dir='ltr'><strong>inter</strong></span> 
     </span>
     <span class='ocr_line' id='line_1_25' title="bbox 536 3174 2326 3270; baseline -0.001 -27"><span class='ocrx_word' id='word_1_309' title='bbox 536 3199 573 3243; x_wconf 84' lang='lat' dir='ltr'><strong>se</strong></span> <span class='ocrx_word' id='word_1_310' title='bbox 596 3174 791 3244; x_wconf 84' lang='lat' dir='ltr'><strong>commutatis¹</strong></span> <span class='ocrx_word' id='word_1_311' title='bbox 815 3181 1075 3270; x_wconf 90' lang='lat' dir='ltr'><strong>(olimpicum,</strong></span> <span class='ocrx_word' id='word_1_312' title='bbox 1099 3177 1251 3262; x_wconf 85' lang='lat' dir='ltr'><strong>hi&#39;adas,</strong></span> <span class='ocrx_word' id='word_1_313' title='bbox 1273 3178 1439 3267; x_wconf 83' lang='lat' dir='ltr'><strong>nimphe,</strong></span> <span class='ocrx_word' id='word_1_314' title='bbox 1463 3178 1562 3260; x_wconf 93' lang='lat' dir='ltr'><strong>lira,</strong></span> <span class='ocrx_word' id='word_1_315' title='bbox 1586 3178 1765 3265; x_wconf 82' lang='lat' dir='ltr'><strong>cythara,</strong></span> <span class='ocrx_word' id='word_1_316' title='bbox 1790 3176 1925 3264; x_wconf 88' lang='lat' dir='ltr'><strong>sydus,</strong></span> <span class='ocrx_word' id='word_1_317' title='bbox 1946 3179 2198 3266; x_wconf 86' lang='lat' dir='ltr'><strong>pipennibus,</strong></span> <span class='ocrx_word' id='word_1_318' title='bbox 2222 3177 2326 3243; x_wconf 87' lang='lat' dir='ltr'><strong>Titi·</strong></span> 
     </span>
     <span class='ocr_line' id='line_1_26' title="bbox 535 3277 2326 3370; baseline -0.001 -24"><span class='ocrx_word' id='word_1_319' title='bbox 535 3279 639 3363; x_wconf 90' lang='lat' dir='ltr'><strong>dem,</strong></span> <span class='ocrx_word' id='word_1_320' title='bbox 662 3280 826 3366; x_wconf 86' lang='lat' dir='ltr'><strong>dodata,</strong></span> <span class='ocrx_word' id='word_1_321' title='bbox 857 3282 1044 3366; x_wconf 88' lang='lat' dir='ltr'><strong>Dracum,</strong></span> <span class='ocrx_word' id='word_1_322' title='bbox 1073 3280 1255 3370; x_wconf 84' lang='lat' dir='ltr'><strong>Dyndari</strong></span> <span class='ocrx_word' id='word_1_323' title='bbox 1285 3283 1378 3362; x_wconf 84' lang='lat' dir='ltr'><strong>cett.)</strong></span> <span class='ocrx_word' id='word_1_324' title='bbox 1406 3280 1427 3345; x_wconf 95' lang='lat' dir='ltr'><strong>h</strong></span> <span class='ocrx_word' id='word_1_325' title='bbox 1450 3287 1564 3344; x_wconf 90' lang='lat' dir='ltr'><strong>temere</strong></span> <span class='ocrx_word' id='word_1_326' title='bbox 1587 3278 1690 3344; x_wconf 89' lang='lat' dir='ltr'><strong>addito</strong></span> <span class='ocrx_word' id='word_1_327' title='bbox 1720 3277 1771 3354; x_wconf 85' lang='lat' dir='ltr'><strong>vel</strong></span> <span class='ocrx_word' id='word_1_328' title='bbox 1792 3278 1908 3342; x_wconf 89' lang='lat' dir='ltr'><strong>omisso</strong></span> <span class='ocrx_word' id='word_1_329' title='bbox 1933 3278 2162 3361; x_wconf 90' lang='lat' dir='ltr'><strong>(Protheus,</strong></span> <span class='ocrx_word' id='word_1_330' title='bbox 2185 3278 2326 3365; x_wconf 83' lang='lat' dir='ltr'><strong>Elena,</strong></span> 
     </span>
     <span class='ocr_line' id='line_1_27' title="bbox 533 3380 2324 3472; baseline -0.001 -24"><span class='ocrx_word' id='word_1_331' title='bbox 533 3383 701 3462; x_wconf 91' lang='lat' dir='ltr'><strong>nothus)</strong></span> <span class='ocrx_word' id='word_1_332' title='bbox 724 3391 784 3448; x_wconf 92' lang='lat' dir='ltr'><strong>tum</strong></span> <span class='ocrx_word' id='word_1_333' title='bbox 806 3385 1009 3467; x_wconf 72' lang='lat' dir='ltr'><strong>illiricus,</strong></span> <span class='ocrx_word' id='word_1_334' title='bbox 1031 3384 1202 3472; x_wconf 91' lang='lat' dir='ltr'><strong>Polopis</strong></span> <span class='ocrx_word' id='word_1_335' title='bbox 1225 3390 1296 3448; x_wconf 88' lang='lat' dir='ltr'><strong>cett.</strong></span> <span class='ocrx_word' id='word_1_336' title='bbox 1319 3404 1376 3447; x_wconf 90' lang='lat' dir='ltr'><strong>nec</strong></span> <span class='ocrx_word' id='word_1_337' title='bbox 1400 3383 1460 3447; x_wconf 93' lang='lat' dir='ltr'><strong>sibi</strong></span> <span class='ocrx_word' id='word_1_338' title='bbox 1483 3389 1629 3448; x_wconf 89' lang='lat' dir='ltr'><strong>constans</strong></span> <span class='ocrx_word' id='word_1_339' title='bbox 1653 3383 1685 3447; x_wconf 93' lang='lat' dir='ltr'><strong>in</strong></span> <span class='ocrx_word' id='word_1_340' title='bbox 1707 3380 1821 3462; x_wconf 91' lang='lat' dir='ltr'><strong>multis,</strong></span> <span class='ocrx_word' id='word_1_341' title='bbox 1845 3381 1997 3467; x_wconf 88' lang='lat' dir='ltr'><strong>antiquum</strong></span> <span class='ocrx_word' id='word_1_342' title='bbox 2021 3390 2120 3447; x_wconf 89' lang='lat' dir='ltr'><strong>tamen</strong></span> <span class='ocrx_word' id='word_1_343' title='bbox 2135 3381 2324 3471; x_wconf 90' lang='lat' dir='ltr'><strong>moremple·</strong></span> 
     </span>
     <span class='ocr_line' id='line_1_28' title="bbox 533 3482 2325 3575; baseline -0.001 -24"><span class='ocrx_word' id='word_1_344' title='bbox 533 3505 662 3572; x_wconf 88' lang='lat' dir='ltr'><strong>rumque</strong></span> <span class='ocrx_word' id='word_1_345' title='bbox 692 3494 811 3551; x_wconf 83' lang='lat' dir='ltr'><strong>servat:</strong></span> <span class='ocrx_word' id='word_1_346' title='bbox 841 3485 1049 3575; x_wconf 78' lang='lat' dir='ltr'><strong>luppiter,</strong></span> <span class='ocrx_word' id='word_1_347' title='bbox 1090 3485 1251 3569; x_wconf 87' lang='lat' dir='ltr'><strong>Ulixes,</strong></span> <span class='ocrx_word' id='word_1_348' title='bbox 1274 3484 1431 3549; x_wconf 92' lang='lat' dir='ltr'><strong>Bachus</strong></span> <span class='ocrx_word' id='word_1_349' title='bbox 1462 3484 1679 3568; x_wconf 90' lang='lat' dir='ltr'><strong>(Bacchus,</strong></span> <span class='ocrx_word' id='word_1_350' title='bbox 1714 3482 1889 3564; x_wconf 92' lang='lat' dir='ltr'><strong>Baccus)</strong></span> <span class='ocrx_word' id='word_1_351' title='bbox 1919 3483 2095 3572; x_wconf 82' lang='lat' dir='ltr'><strong>Apulus,</strong></span> <span class='ocrx_word' id='word_1_352' title='bbox 2124 3483 2325 3567; x_wconf 90' lang='lat' dir='ltr'><strong>Mecenas,</strong></span> 
     </span>
     <span class='ocr_line' id='line_1_29' title="bbox 532 3583 2324 3677; baseline -0.001 -25"><span class='ocrx_word' id='word_1_353' title='bbox 532 3588 694 3677; x_wconf 91' lang='lat' dir='ltr'><strong>praelia</strong></span> <span class='ocrx_word' id='word_1_354' title='bbox 715 3589 905 3677; x_wconf 92' lang='lat' dir='ltr'><strong>(proelia)</strong></span> <span class='ocrx_word' id='word_1_355' title='bbox 933 3609 1095 3670; x_wconf 90' lang='lat' dir='ltr'><strong>caecus,</strong></span> <span class='ocrx_word' id='word_1_356' title='bbox 1120 3586 1286 3671; x_wconf 86' lang='lat' dir='ltr'><strong>caelum,</strong></span> <span class='ocrx_word' id='word_1_357' title='bbox 1308 3587 1467 3671; x_wconf 92' lang='lat' dir='ltr'><strong>loetum,</strong></span> <span class='ocrx_word' id='word_1_358' title='bbox 1491 3594 1642 3670; x_wconf 90' lang='lat' dir='ltr'><strong>cetera,</strong></span> <span class='ocrx_word' id='word_1_359' title='bbox 1666 3585 1716 3668; x_wconf 90' lang='lat' dir='ltr'><strong>di,</strong></span> <span class='ocrx_word' id='word_1_360' title='bbox 1739 3584 1806 3667; x_wconf 91' lang='lat' dir='ltr'><strong>dii,</strong></span> <span class='ocrx_word' id='word_1_361' title='bbox 1830 3583 1924 3667; x_wconf 88' lang='lat' dir='ltr'><strong>diis,</strong></span> <span class='ocrx_word' id='word_1_362' title='bbox 1947 3586 2072 3670; x_wconf 91' lang='lat' dir='ltr'><strong>belua,</strong></span> <span class='ocrx_word' id='word_1_363' title='bbox 2096 3587 2223 3673; x_wconf 85' lang='lat' dir='ltr'><strong>pelex,</strong></span> <span class='ocrx_word' id='word_1_364' title='bbox 2246 3586 2324 3651; x_wconf 91' lang='lat' dir='ltr'><strong>vul-</strong></span> 
     </span>
     <span class='ocr_line' id='line_1_30' title="bbox 532 3676 2324 3778; baseline -0.001 -23"><span class='ocrx_word' id='word_1_365' title='bbox 532 3711 621 3773; x_wconf 91' lang='lat' dir='ltr'><strong>nus,</strong></span> <span class='ocrx_word' id='word_1_366' title='bbox 644 3690 737 3773; x_wconf 85' lang='lat' dir='ltr'><strong>vult,</strong></span> <span class='ocrx_word' id='word_1_367' title='bbox 759 3690 915 3778; x_wconf 81' lang='lat' dir='ltr'><strong>volgus,</strong></span> <span class='ocrx_word' id='word_1_368' title='bbox 938 3691 1064 3774; x_wconf 83' lang='lat' dir='ltr'><strong>(semel)</strong></span> <span class='ocrx_word' id='word_1_369' title='bbox 1087 3690 1197 3772; x_wconf 91' lang='lat' dir='ltr'><strong>litus,</strong></span> <span class='ocrx_word' id='word_1_370' title='bbox 1222 3676 1418 3776; x_wconf 83' lang='lat' dir='ltr'><strong>qudtieus,</strong></span> <span class='ocrx_word' id='word_1_371' title='bbox 1443 3687 1639 3776; x_wconf 90' lang='lat' dir='ltr'><strong>quicquid,</strong></span> <span class='ocrx_word' id='word_1_372' title='bbox 1661 3688 1909 3774; x_wconf 88' lang='lat' dir='ltr'><strong>nequiquam,</strong></span> <span class='ocrx_word' id='word_1_373' title='bbox 1932 3709 2324 3777; x_wconf 82' lang='lat' dir='ltr'><strong>cumque,uumquam,</strong></span> 
     </span>
     <span class='ocr_line' id='line_1_31' title="bbox 533 3790 2323 3889; baseline -0.001 -32"><span class='ocrx_word' id='word_1_374' title='bbox 533 3813 717 3878; x_wconf 91' lang='lat' dir='ltr'><strong>umquam,</strong></span> <span class='ocrx_word' id='word_1_375' title='bbox 740 3792 1114 3889; x_wconf 73' lang='lat' dir='ltr'><strong>hicmps,‚temptas,</strong></span> <span class='ocrx_word' id='word_1_376' title='bbox 1137 3801 1301 3881; x_wconf 89' lang='lat' dir='ltr'><strong>emptus.</strong></span> <span class='ocrx_word' id='word_1_377' title='bbox 1321 3801 1392 3860; x_wconf 89' lang='lat' dir='ltr'><strong>cett.</strong></span> <span class='ocrx_word' id='word_1_378' title='bbox 1417 3791 1487 3858; x_wconf 88' lang='lat' dir='ltr'><strong>sed</strong></span> <span class='ocrx_word' id='word_1_379' title='bbox 1509 3791 1659 3875; x_wconf 85' lang='lat' dir='ltr'><strong>damna,</strong></span> <span class='ocrx_word' id='word_1_380' title='bbox 1680 3790 1901 3880; x_wconf 82' lang='lat' dir='ltr'><strong>redemtor3</strong></span> <span class='ocrx_word' id='word_1_381' title='bbox 1922 3791 2104 3874; x_wconf 90' lang='lat' dir='ltr'><strong>inbellis,</strong></span> <span class='ocrx_word' id='word_1_382' title='bbox 2128 3792 2323 3880; x_wconf 86' lang='lat' dir='ltr'><strong>inlapsus,</strong></span> 
     </span>
    </p>
   </div>
   <div class='ocr_carea' id='block_1_4' title="bbox 535 3884 2455 3983">
    <p class='ocr_par' dir='ltr' id='par_1_4' title="bbox 535 3884 2455 3983">
     <span class='ocr_line' id='line_1_32' title="bbox 535 3884 2455 3983; baseline -0.002 -23"><span class='ocrx_word' id='word_1_383' title='bbox 535 3894 753 3982; x_wconf 88' lang='lat' dir='ltr'><strong>inligatus,</strong></span> <span class='ocrx_word' id='word_1_384' title='bbox 775 3893 1010 3978; x_wconf 88' lang='lat' dir='ltr'><strong>inmodicus,</strong></span> <span class='ocrx_word' id='word_1_385' title='bbox 1033 3895 1201 3979; x_wconf 89' lang='lat' dir='ltr'><strong>inmitis,</strong></span> <span class='ocrx_word' id='word_1_386' title='bbox 1224 3895 1446 3978; x_wconf 90' lang='lat' dir='ltr'><strong>inmeritus,</strong></span> <span class='ocrx_word' id='word_1_387' title='bbox 1469 3884 1908 3983; x_wconf 73' lang='lat' dir='ltr'><strong>inpavidus,iupulsus&#39;,</strong></span> <span class='ocrx_word' id='word_1_388' title='bbox 1925 3893 2136 3980; x_wconf 89' lang='lat' dir='ltr'><strong>inpressit,</strong></span> <span class='ocrx_word' id='word_1_389' title='bbox 2151 3894 2323 3982; x_wconf 90' lang='lat' dir='ltr'><strong>inrupta,</strong></span> <span class='ocrx_word' id='word_1_390' title='bbox 2452 3939 2455 3945; x_wconf 82' lang='lat'>-</span> 
     </span>
    </p>
   </div>
   <div class='ocr_carea' id='block_1_5' title="bbox 530 3989 2324 4700">
    <p class='ocr_par' dir='ltr' id='par_1_5' title="bbox 530 3989 2324 4700">
     <span class='ocr_line' id='line_1_33' title="bbox 533 3989 2322 4086; baseline -0.002 -22"><span class='ocrx_word' id='word_1_391' title='bbox 533 3999 762 4080; x_wconf 91' lang='lat' dir='ltr'><strong>inretorto,</strong></span> <span class='ocrx_word' id='word_1_392' title='bbox 785 3999 1040 4081; x_wconf 83' lang='lat' dir='ltr'><strong>conbiberet,</strong></span> <span class='ocrx_word' id='word_1_393' title='bbox 1064 3997 1257 4078; x_wconf 83' lang='lat' dir='ltr'><strong>conlatis3</strong></span> <span class='ocrx_word' id='word_1_394' title='bbox 1289 3997 1345 4063; x_wconf 89' lang='lat' dir='ltr'><strong>sed</strong></span> <span class='ocrx_word' id='word_1_395' title='bbox 1362 3989 1606 4086; x_wconf 83' lang='lat' dir='ltr'><strong>improvisa,</strong></span> <span class='ocrx_word' id='word_1_396' title='bbox 1628 3994 1887 4082; x_wconf 67' lang='lat' dir='ltr'><strong>compositum</strong></span> <span class='ocrx_word' id='word_1_397' title='bbox 1911 3995 2146 4083; x_wconf 85' lang='lat' dir='ltr'><strong>compescit3</strong></span> <span class='ocrx_word' id='word_1_398' title='bbox 2170 4002 2230 4061; x_wconf 93' lang='lat' dir='ltr'><strong>tum</strong></span> <span class='ocrx_word' id='word_1_399' title='bbox 2252 3995 2322 4060; x_wconf 93' lang='lat' dir='ltr'><strong>iui-</strong></span> 
     </span>
     <span class='ocr_line' id='line_1_34' title="bbox 534 4094 2321 4189; baseline -0.002 -23"><span class='ocrx_word' id='word_1_400' title='bbox 534 4097 631 4184; x_wconf 60' lang='lat' dir='ltr'><strong>ci‘at,</strong></span> <span class='ocrx_word' id='word_1_401' title='bbox 654 4099 852 4183; x_wconf 81' lang='lat' dir='ltr'><strong>adiciant,</strong></span> <span class='ocrx_word' id='word_1_402' title='bbox 874 4101 1050 4189; x_wconf 84' lang='lat' dir='ltr'><strong>proicit3</strong></span> <span class='ocrx_word' id='word_1_403' title='bbox 1080 4101 1278 4183; x_wconf 89' lang='lat' dir='ltr'><strong>tristicia,</strong></span> <span class='ocrx_word' id='word_1_404' title='bbox 1302 4101 1500 4182; x_wconf 90' lang='lat' dir='ltr'><strong>canicies,</strong></span> <span class='ocrx_word' id='word_1_405' title='bbox 1524 4098 1672 4180; x_wconf 86' lang='lat' dir='ltr'><strong>exicio,</strong></span> <span class='ocrx_word' id='word_1_406' title='bbox 1696 4094 1896 4179; x_wconf 90' lang='lat' dir='ltr'><strong>condicio,</strong></span> <span class='ocrx_word' id='word_1_407' title='bbox 1920 4094 2101 4180; x_wconf 85' lang='lat' dir='ltr'><strong>diviciis,</strong></span> <span class='ocrx_word' id='word_1_408' title='bbox 2126 4104 2196 4165; x_wconf 86' lang='lat' dir='ltr'><strong>cett.</strong></span> <span class='ocrx_word' id='word_1_409' title='bbox 2220 4096 2321 4163; x_wconf 80' lang='lat' dir='ltr'><strong>Accu-</strong></span> 
     </span>
     <span class='ocr_line' id='line_1_35' title="bbox 534 4197 2323 4289; baseline -0.001 -21"><span class='ocrx_word' id='word_1_410' title='bbox 534 4202 761 4268; x_wconf 78' lang='lat' dir='ltr'><strong>sativi-tertiae</strong></span> <span class='ocrx_word' id='word_1_411' title='bbox 783 4201 860 4271; x_wconf 86' lang='lat' dir='ltr'><strong>decl.</strong></span> <span class='ocrx_word' id='word_1_412' title='bbox 882 4203 915 4268; x_wconf 91' lang='lat' dir='ltr'><strong>in</strong></span> <span class='ocrx_word' id='word_1_413' title='bbox 935 4204 971 4267; x_wconf 90' lang='lat' dir='ltr'><strong>is</strong></span> <span class='ocrx_word' id='word_1_414' title='bbox 995 4202 1071 4267; x_wconf 88' lang='lat' dir='ltr'><strong>satis</strong></span> <span class='ocrx_word' id='word_1_415' title='bbox 1093 4201 1282 4287; x_wconf 82' lang='lat' dir='ltr'><strong>frequentes.</strong></span> <span class='ocrx_word' id='word_1_416' title='bbox 1303 4239 1346 4251; x_wconf 94' lang='lat'>-</span> <span class='ocrx_word' id='word_1_417' title='bbox 1381 4203 1528 4267; x_wconf 89' lang='lat' dir='ltr'><strong>Lectio</strong></span> <span class='ocrx_word' id='word_1_418' title='bbox 1551 4201 1670 4286; x_wconf 84' lang='lat' dir='ltr'><strong>hujus</strong></span> <span class='ocrx_word' id='word_1_419' title='bbox 1701 4198 1857 4264; x_wconf 91' lang='lat' dir='ltr'><strong>codicis</strong></span> <span class='ocrx_word' id='word_1_420' title='bbox 1880 4218 1900 4262; x_wconf 88' lang='lat' dir='ltr'><strong>a</strong></span> <span class='ocrx_word' id='word_1_421' title='bbox 1920 4197 2046 4265; x_wconf 89' lang='lat' dir='ltr'><strong>hbrario</strong></span> <span class='ocrx_word' id='word_1_422' title='bbox 2076 4222 2181 4289; x_wconf 94' lang='lat' dir='ltr'><strong>parum</strong></span> <span class='ocrx_word' id='word_1_423' title='bbox 2205 4201 2323 4268; x_wconf 89' lang='lat' dir='ltr'><strong>eruditu</strong></span> 
     </span>
     <span class='ocr_line' id='line_1_36' title="bbox 530 4302 2324 4394; baseline -0.003 -22"><span class='ocrx_word' id='word_1_424' title='bbox 530 4323 598 4372; x_wconf 74' lang='lat' dir='ltr'><strong>non</strong></span> <span class='ocrx_word' id='word_1_425' title='bbox 618 4324 662 4369; x_wconf 83' lang='lat' dir='ltr'><strong>cx</strong></span> <span class='ocrx_word' id='word_1_426' title='bbox 682 4304 795 4393; x_wconf 75' lang='lat' dir='ltr'><strong>optino</strong></span> <span class='ocrx_word' id='word_1_427' title='bbox 833 4305 1000 4394; x_wconf 86' lang='lat' dir='ltr'><strong>exemplari</strong></span> <span class='ocrx_word' id='word_1_428' title='bbox 1023 4303 1125 4388; x_wconf 91' lang='lat' dir='ltr'><strong>ducta,</strong></span> <span class='ocrx_word' id='word_1_429' title='bbox 1145 4305 1219 4369; x_wconf 88' lang='lat' dir='ltr'><strong>licet</strong></span> <span class='ocrx_word' id='word_1_430' title='bbox 1241 4327 1259 4368; x_wconf 96' lang='lat' dir='ltr'><strong>a</strong></span> <span class='ocrx_word' id='word_1_431' title='bbox 1282 4310 1435 4368; x_wconf 88' lang='lat' dir='ltr'><strong>vetustate</strong></span> <span class='ocrx_word' id='word_1_432' title='bbox 1460 4302 1697 4386; x_wconf 89' lang='lat' dir='ltr'><strong>commendetur,</strong></span> <span class='ocrx_word' id='word_1_433' title='bbox 1719 4323 1815 4390; x_wconf 87' lang='lat' dir='ltr'><strong>prava</strong></span> <span class='ocrx_word' id='word_1_434' title='bbox 1836 4309 1937 4366; x_wconf 91' lang='lat' dir='ltr'><strong>tamen</strong></span> <span class='ocrx_word' id='word_1_435' title='bbox 1960 4309 1992 4366; x_wconf 91' lang='lat' dir='ltr'><strong>et</strong></span> <span class='ocrx_word' id='word_1_436' title='bbox 2012 4303 2125 4369; x_wconf 85' lang='lat' dir='ltr'><strong>vitiosa</strong></span> <span class='ocrx_word' id='word_1_437' title='bbox 2135 4303 2216 4369; x_wconf 91' lang='lat' dir='ltr'><strong>haud</strong></span> <span class='ocrx_word' id='word_1_438' title='bbox 2227 4324 2324 4393; x_wconf 90' lang='lat' dir='ltr'><strong>pauca</strong></span> 
     </span>
     <span class='ocr_line' id='line_1_37' title="bbox 532 4403 2323 4495; baseline -0.002 -23"><span class='ocrx_word' id='word_1_439' title='bbox 532 4404 645 4490; x_wconf 79' lang='lat' dir='ltr'><strong>habet,</strong></span> <span class='ocrx_word' id='word_1_440' title='bbox 664 4406 817 4473; x_wconf 67' lang='lat' dir='ltr'><strong>uersibus</strong></span> <span class='ocrx_word' id='word_1_441' title='bbox 843 4407 960 4495; x_wconf 89' lang='lat' dir='ltr'><strong>passim</strong></span> <span class='ocrx_word' id='word_1_442' title='bbox 988 4409 1070 4473; x_wconf 90' lang='lat' dir='ltr'><strong>inter</strong></span> <span class='ocrx_word' id='word_1_443' title='bbox 1098 4429 1133 4472; x_wconf 90' lang='lat' dir='ltr'><strong>se</strong></span> <span class='ocrx_word' id='word_1_444' title='bbox 1164 4407 1304 4472; x_wconf 90' lang='lat' dir='ltr'><strong>conlusis</strong></span> <span class='ocrx_word' id='word_1_445' title='bbox 1334 4428 1391 4470; x_wconf 91' lang='lat' dir='ltr'><strong>uec</strong></span> <span class='ocrx_word' id='word_1_446' title='bbox 1412 4415 1498 4472; x_wconf 90' lang='lat' dir='ltr'><strong>recte</strong></span> <span class='ocrx_word' id='word_1_447' title='bbox 1522 4405 1674 4471; x_wconf 83' lang='lat' dir='ltr'><strong>distinctis</strong></span> <span class='ocrx_word' id='word_1_448' title='bbox 1698 4408 1744 4488; x_wconf 93' lang='lat' dir='ltr'><strong>(ut</strong></span> <span class='ocrx_word' id='word_1_449' title='bbox 1764 4403 1789 4469; x_wconf 90' lang='lat' dir='ltr'><strong>l.</strong></span> <span class='ocrx_word' id='word_1_450' title='bbox 1816 4403 1948 4472; x_wconf 84' lang='lat' dir='ltr'><strong>0d.1o.</strong></span> <span class='ocrx_word' id='word_1_451' title='bbox 1972 4407 2136 4494; x_wconf 89' lang='lat' dir='ltr'><strong>superis</strong></span> <span class='ocrx_word' id='word_1_452' title='bbox 2160 4405 2323 4470; x_wconf 92' lang='lat' dir='ltr'><strong>deorum</strong></span> 
     </span>
     <span class='ocr_line' id='line_1_38' title="bbox 531 4506 2324 4597; baseline -0.002 -23"><span class='ocrx_word' id='word_1_453' title='bbox 531 4518 680 4597; x_wconf 80' lang='lat' dir='ltr'><strong>gratus</strong></span> <span class='ocrx_word' id='word_1_454' title='bbox 710 4516 749 4573; x_wconf 90' lang='lat' dir='ltr'><strong>et</strong></span> <span class='ocrx_word' id='word_1_455' title='bbox 777 4510 867 4575; x_wconf 75' lang='lat' dir='ltr'><strong>inis</strong></span> <span class='ocrx_word' id='word_1_456' title='bbox 895 4509 1033 4575; x_wconf 78' lang='lat' dir='ltr'><strong>Aurea</strong></span> <span class='ocrx_word' id='word_1_457' title='bbox 1061 4510 1225 4594; x_wconf 90' lang='lat' dir='ltr'><strong>turbam)</strong></span> <span class='ocrx_word' id='word_1_458' title='bbox 1254 4508 1440 4595; x_wconf 82' lang='lat' dir='ltr'><strong>vocibusque</strong></span> <span class='ocrx_word' id='word_1_459' title='bbox 1476 4510 1526 4574; x_wconf 88' lang='lat' dir='ltr'><strong>vel</strong></span> <span class='ocrx_word' id='word_1_460' title='bbox 1555 4508 1679 4574; x_wconf 92' lang='lat' dir='ltr'><strong>omissis</strong></span> <span class='ocrx_word' id='word_1_461' title='bbox 1709 4506 1758 4570; x_wconf 81' lang='lat' dir='ltr'><strong>uel</strong></span> <span class='ocrx_word' id='word_1_462' title='bbox 1780 4507 1978 4595; x_wconf 87' lang='lat' dir='ltr'><strong>transpositis</strong></span> <span class='ocrx_word' id='word_1_463' title='bbox 2001 4509 2051 4573; x_wconf 85' lang='lat' dir='ltr'><strong>vel</strong></span> <span class='ocrx_word' id='word_1_464' title='bbox 2072 4508 2260 4597; x_wconf 86' lang='lat' dir='ltr'><strong>depravatis,</strong></span> <span class='ocrx_word' id='word_1_465' title='bbox 2291 4515 2324 4571; x_wconf 93' lang='lat' dir='ltr'><strong>ut</strong></span> 
     </span>
     <span class='ocr_line' id='line_1_39' title="bbox 530 4605 2320 4700; baseline -0.001 -24"><span class='ocrx_word' id='word_1_466' title='bbox 530 4609 691 4694; x_wconf 58' lang='lat' dir='ltr'><strong>bodri,</strong></span> <span class='ocrx_word' id='word_1_467' title='bbox 714 4614 766 4678; x_wconf 77' lang='grc'><strong>13.</strong></span> <span class='ocrx_word' id='word_1_468' title='bbox 809 4610 867 4677; x_wconf 81' lang='lat' dir='ltr'><strong>Ac</strong></span> <span class='ocrx_word' id='word_1_469' title='bbox 889 4612 1081 4680; x_wconf 90' lang='lat' dir='ltr'><strong>tiburtini</strong></span> <span class='ocrx_word' id='word_1_470' title='bbox 1102 4613 1217 4678; x_wconf 89' lang='lat' dir='ltr'><strong>lucus</strong></span> <span class='ocrx_word' id='word_1_471' title='bbox 1241 4618 1280 4676; x_wconf 92' lang='lat' dir='ltr'><strong>et</strong></span> <span class='ocrx_word' id='word_1_472' title='bbox 1300 4633 1499 4700; x_wconf 84' lang='lat' dir='ltr'><strong>praeceps</strong></span> <span class='ocrx_word' id='word_1_473' title='bbox 1523 4611 1625 4677; x_wconf 82' lang='lat' dir='ltr'><strong>Anio</strong></span> <span class='ocrx_word' id='word_1_474' title='bbox 1649 4618 1688 4675; x_wconf 90' lang='lat' dir='ltr'><strong>et</strong></span> <span class='ocrx_word' id='word_1_475' title='bbox 1709 4607 1790 4674; x_wconf 86' lang='lat' dir='ltr'><strong>uda.</strong></span> <span class='ocrx_word' id='word_1_476' title='bbox 1813 4608 1901 4674; x_wconf 90' lang='lat' dir='ltr'><strong>llaec</strong></span> <span class='ocrx_word' id='word_1_477' title='bbox 1915 4608 2049 4675; x_wconf 85' lang='lat' dir='ltr'><strong>Orellius</strong></span> <span class='ocrx_word' id='word_1_478' title='bbox 2071 4608 2110 4676; x_wconf 88' lang='lat' dir='ltr'><strong>V.</strong></span> <span class='ocrx_word' id='word_1_479' title='bbox 2123 4607 2173 4673; x_wconf 84' lang='lat' dir='ltr'><strong>Cl.</strong></span> <span class='ocrx_word' id='word_1_480' title='bbox 2196 4605 2320 4677; x_wconf 71' lang='lat' dir='ltr'><strong>iuvat.</strong></span> 
     </span>
    </p>
   </div>
   <div class='ocr_carea' id='block_1_6' title="bbox 530 4710 2459 4806">
    <p class='ocr_par' dir='ltr' id='par_1_6' title="bbox 530 4710 2459 4806">
     <span class='ocr_line' id='line_1_40' title="bbox 530 4710 2459 4806; baseline -0.001 -27"><span class='ocrx_word' id='word_1_481' title='bbox 530 4712 605 4783; x_wconf 77' lang='lat' dir='ltr'><strong>lect.</strong></span> <span class='ocrx_word' id='word_1_482' title='bbox 634 4713 809 4802; x_wconf 76' lang='lat' dir='ltr'><strong>plerumque</strong></span> <span class='ocrx_word' id='word_1_483' title='bbox 833 4713 954 4780; x_wconf 87' lang='lat' dir='ltr'><strong>silentio</strong></span> <span class='ocrx_word' id='word_1_484' title='bbox 976 4716 1154 4806; x_wconf 83' lang='lat' dir='ltr'><strong>praeteriit3</strong></span> <span class='ocrx_word' id='word_1_485' title='bbox 1182 4713 1239 4780; x_wconf 92' lang='lat' dir='ltr'><strong>sed</strong></span> <span class='ocrx_word' id='word_1_486' title='bbox 1260 4714 1292 4778; x_wconf 92' lang='lat' dir='ltr'><strong>in</strong></span> <span class='ocrx_word' id='word_1_487' title='bbox 1309 4713 1549 4801; x_wconf 84' lang='lat' dir='ltr'><strong>orthographiae</strong></span> <span class='ocrx_word' id='word_1_488' title='bbox 1575 4713 1774 4779; x_wconf 80' lang='lat' dir='ltr'><strong>varietatibus</strong></span> <span class='ocrx_word' id='word_1_489' title='bbox 1796 4710 1939 4778; x_wconf 89' lang='lat' dir='ltr'><strong>notandis</strong></span> <span class='ocrx_word' id='word_1_490' title='bbox 1961 4732 2023 4774; x_wconf 90' lang='lat' dir='ltr'><strong>non</strong></span> <span class='ocrx_word' id='word_1_491' title='bbox 2046 4710 2323 4777; x_wconf 76' lang='lat' dir='ltr'><strong>satisconrtantor</strong></span> <span class='ocrx_word' id='word_1_492' title='bbox 2456 4744 2459 4749; x_wconf 93' lang='lat'>·</span> 
     </span>
    </p>
   </div>
   <div class='ocr_carea' id='block_1_7' title="bbox 527 4806 2377 5417">
    <p class='ocr_par' dir='ltr' id='par_1_7' title="bbox 527 4806 2377 5417">
     <span class='ocr_line' id='line_1_41' title="bbox 530 4806 2322 4917; baseline 0 -37"><span class='ocrx_word' id='word_1_493' title='bbox 530 4806 611 4903; x_wconf 70' lang='lat' dir='ltr'><strong>‘egit</strong></span> <span class='ocrx_word' id='word_1_494' title='bbox 655 4814 780 4881; x_wconf 79' lang='lat' dir='ltr'><strong>Omissa</strong></span> <span class='ocrx_word' id='word_1_495' title='bbox 801 4816 946 4903; x_wconf 90' lang='lat' dir='ltr'><strong>quaedam</strong></span> <span class='ocrx_word' id='word_1_496' title='bbox 969 4819 1006 4884; x_wconf 88' lang='lat' dir='ltr'><strong>ab</strong></span> <span class='ocrx_word' id='word_1_497' title='bbox 1029 4838 1067 4882; x_wconf 92' lang='lat' dir='ltr'><strong>eo</strong></span> <span class='ocrx_word' id='word_1_498' title='bbox 1089 4814 1178 4882; x_wconf 93' lang='lat' dir='ltr'><strong>modo</strong></span> <span class='ocrx_word' id='word_1_499' title='bbox 1202 4817 1239 4882; x_wconf 91' lang='lat' dir='ltr'><strong>ad</strong></span> <span class='ocrx_word' id='word_1_500' title='bbox 1262 4817 1333 4881; x_wconf 89' lang='lat' dir='ltr'><strong>Lib.</strong></span> <span class='ocrx_word' id='word_1_501' title='bbox 1357 4815 1382 4883; x_wconf 87' lang='lat'><strong>1.</strong></span> <span class='ocrx_word' id='word_1_502' title='bbox 1407 4815 1539 4917; x_wconf 64' lang='lat' dir='ltr'><strong>(idapem</strong></span> <span class='ocrx_word' id='word_1_503' title='bbox 1569 4815 1794 4907; x_wconf 75' lang='lat' dir='ltr'><strong>supplebimus3</strong></span> <span class='ocrx_word' id='word_1_504' title='bbox 1823 4834 1892 4877; x_wconf 90' lang='lat' dir='ltr'><strong>nam</strong></span> <span class='ocrx_word' id='word_1_505' title='bbox 1915 4810 2065 4897; x_wconf 86' lang='lat' dir='ltr'><strong>ejusmodi</strong></span> <span class='ocrx_word' id='word_1_506' title='bbox 2086 4814 2322 4880; x_wconf 85' lang='lat' dir='ltr'><strong>racemationem</strong></span> 
     </span>
     <span class='ocr_line' id='line_1_42' title="bbox 532 4914 2321 5008; baseline -0.001 -24"><span class='ocrx_word' id='word_1_507' title='bbox 532 4918 708 4984; x_wconf 72' lang='lat' dir='ltr'><strong>‘nstitnere&#39;</strong></span> <span class='ocrx_word' id='word_1_508' title='bbox 727 4919 896 4985; x_wconf 88' lang='lat' dir='ltr'><strong>taediosum</strong></span> <span class='ocrx_word' id='word_1_509' title='bbox 925 4942 1001 4987; x_wconf 91' lang='lat' dir='ltr'><strong>saue</strong></span> <span class='ocrx_word' id='word_1_510' title='bbox 1029 4930 1061 4984; x_wconf 91' lang='lat' dir='ltr'><strong>et</strong></span> <span class='ocrx_word' id='word_1_511' title='bbox 1089 4920 1242 5006; x_wconf 88' lang='lat' dir='ltr'><strong>ingratum</strong></span> <span class='ocrx_word' id='word_1_512' title='bbox 1271 4919 1427 5008; x_wconf 89' lang='lat' dir='ltr'><strong>negotium</strong></span> <span class='ocrx_word' id='word_1_513' title='bbox 1450 4926 1506 4981; x_wconf 79' lang='lat' dir='ltr'><strong>est.</strong></span> <span class='ocrx_word' id='word_1_514' title='bbox 1530 4917 1555 4980; x_wconf 92' lang='lat'><strong>1.</strong></span> <span class='ocrx_word' id='word_1_515' title='bbox 1585 4917 1643 4981; x_wconf 88' lang='lat' dir='ltr'><strong>0d.</strong></span> <span class='ocrx_word' id='word_1_516' title='bbox 1674 4919 1714 4997; x_wconf 92' lang='lat'><strong>1,</strong></span> <span class='ocrx_word' id='word_1_517' title='bbox 1734 4917 1787 4980; x_wconf 72' lang='lat'><strong>85.</strong></span> <span class='ocrx_word' id='word_1_518' title='bbox 1811 4914 2185 4981; x_wconf 79' lang='lat' dir='ltr'><strong>memet—inseres.</strong></span> <span class='ocrx_word' id='word_1_519' title='bbox 2213 4920 2246 5000; x_wconf 91' lang='grc'><strong>2,</strong></span> <span class='ocrx_word' id='word_1_520' title='bbox 2269 4919 2321 4983; x_wconf 70' lang='grc'><strong>14.</strong></span> 
     </span>
     <span class='ocr_line' id='line_1_43' title="bbox 534 5016 2320 5098; baseline -0.002 -12"><span class='ocrx_word' id='word_1_521' title='bbox 534 5020 701 5086; x_wconf 85' lang='lat' dir='ltr'><strong>tiberim</strong></span> <span class='ocrx_word' id='word_1_522' title='bbox 730 5021 929 5087; x_wconf 91' lang='lat' dir='ltr'><strong>rethortis</strong></span> <span class='ocrx_word' id='word_1_523' title='bbox 962 5023 1119 5088; x_wconf 87' lang='lat' dir='ltr'><strong>flavum.</strong></span> <span class='ocrx_word' id='word_1_524' title='bbox 1149 5024 1202 5090; x_wconf 81' lang='lat'><strong>18.</strong></span> <span class='ocrx_word' id='word_1_525' title='bbox 1224 5021 1406 5090; x_wconf 80' lang='lat' dir='ltr'><strong>ultorum.</strong></span> <span class='ocrx_word' id='word_1_526' title='bbox 1425 5022 1480 5085; x_wconf 56' lang='lat'><strong>84</strong></span> <span class='ocrx_word' id='word_1_527' title='bbox 1503 5020 1615 5085; x_wconf 90' lang='lat' dir='ltr'><strong>circum</strong></span> <span class='ocrx_word' id='word_1_528' title='bbox 1637 5016 1730 5085; x_wconf 78' lang='lat' dir='ltr'><strong>volat.</strong></span> <span class='ocrx_word' id='word_1_529' title='bbox 1751 5019 1785 5098; x_wconf 81' lang='lat'><strong>8,</strong></span> <span class='ocrx_word' id='word_1_530' title='bbox 1808 5019 1859 5083; x_wconf 84' lang='lat' dir='ltr'><strong>lo.</strong></span> <span class='ocrx_word' id='word_1_531' title='bbox 1882 5016 2089 5082; x_wconf 90' lang='lat' dir='ltr'><strong>turbidum.</strong></span> <span class='ocrx_word' id='word_1_532' title='bbox 2113 5021 2165 5083; x_wconf 77' lang='lat'><strong>2⁰.</strong></span> <span class='ocrx_word' id='word_1_533' title='bbox 2187 5019 2320 5084; x_wconf 88' lang='lat' dir='ltr'><strong>achro-</strong></span> 
     </span>
     <span class='ocr_line' id='line_1_44' title="bbox 529 5117 2321 5210; baseline -0.001 -22"><span class='ocrx_word' id='word_1_534' title='bbox 529 5120 726 5188; x_wconf 80' lang='lat' dir='ltr'><strong>eereania</strong></span> <span class='ocrx_word' id='word_1_535' title='bbox 745 5125 798 5189; x_wconf 69' lang='lat'><strong>87.</strong></span> <span class='ocrx_word' id='word_1_536' title='bbox 825 5123 939 5190; x_wconf 87' lang='lat' dir='ltr'><strong>Nihil</strong></span> <span class='ocrx_word' id='word_1_537' title='bbox 966 5133 1078 5192; x_wconf 78' lang='lat' dir='ltr'><strong>murt</strong></span> <span class='ocrx_word' id='word_1_538' title='bbox 1101 5121 1214 5188; x_wconf 89' lang='lat' dir='ltr'><strong>ardui</strong></span> <span class='ocrx_word' id='word_1_539' title='bbox 1236 5131 1309 5192; x_wconf 85' lang='lat' dir='ltr'><strong>est.</strong></span> <span class='ocrx_word' id='word_1_540' title='bbox 1331 5128 1365 5207; x_wconf 79' lang='lat'><strong>4,</strong></span> <span class='ocrx_word' id='word_1_541' title='bbox 1387 5127 1442 5194; x_wconf 81' lang='grc'><strong>19.</strong></span> <span class='ocrx_word' id='word_1_542' title='bbox 1463 5120 1635 5187; x_wconf 90' lang='lat' dir='ltr'><strong>licidam.</strong></span> <span class='ocrx_word' id='word_1_543' title='bbox 1657 5120 1766 5201; x_wconf 63' lang='lat' dir='ltr'><strong>Mb.</strong></span> <span class='ocrx_word' id='word_1_544' title='bbox 1789 5117 1835 5204; x_wconf 88' lang='grc' dir='ltr'><strong>(ι.</strong></span> <span class='ocrx_word' id='word_1_545' title='bbox 1860 5124 1944 5206; x_wconf 87' lang='lat' dir='ltr'><strong>sup.)</strong></span> <span class='ocrx_word' id='word_1_546' title='bbox 1968 5123 2018 5183; x_wconf 76' lang='lat'><strong>14.</strong></span> <span class='ocrx_word' id='word_1_547' title='bbox 2049 5122 2237 5210; x_wconf 85' lang='lat' dir='ltr'><strong>pomeria.</strong></span> <span class='ocrx_word' id='word_1_548' title='bbox 2269 5125 2321 5187; x_wconf 83' lang='lat' dir='ltr'><strong>lo.</strong></span> 
     </span>
     <span class='ocr_line' id='line_1_45' title="bbox 527 5222 2321 5313; baseline 0 -22"><span class='ocrx_word' id='word_1_549' title='bbox 527 5222 606 5291; x_wconf 65' lang='lat' dir='ltr'><strong>mec</strong></span> <span class='ocrx_word' id='word_1_550' title='bbox 634 5225 821 5313; x_wconf 84' lang='lat' dir='ltr'><strong>parturit.</strong></span> <span class='ocrx_word' id='word_1_551' title='bbox 847 5229 900 5293; x_wconf 88' lang='grc'><strong>22.</strong></span> <span class='ocrx_word' id='word_1_552' title='bbox 930 5235 991 5293; x_wconf 90' lang='lat' dir='ltr'><strong>ter</strong></span> <span class='ocrx_word' id='word_1_553' title='bbox 1020 5225 1104 5292; x_wconf 90' lang='lat' dir='ltr'><strong>uda.</strong></span> <span class='ocrx_word' id='word_1_554' title='bbox 1140 5230 1173 5309; x_wconf 82' lang='lat'><strong>8,</strong></span> <span class='ocrx_word' id='word_1_555' title='bbox 1203 5226 1254 5292; x_wconf 81' lang='lat' dir='ltr'><strong>lb.</strong></span> <span class='ocrx_word' id='word_1_556' title='bbox 1281 5245 1328 5288; x_wconf 90' lang='lat' dir='ltr'><strong>ne</strong></span> <span class='ocrx_word' id='word_1_557' title='bbox 1360 5225 1518 5292; x_wconf 82' lang='lat' dir='ltr'><strong>viriles.</strong></span> <span class='ocrx_word' id='word_1_558' title='bbox 1542 5226 1615 5307; x_wconf 76' lang='lat'><strong>12,</strong></span> <span class='ocrx_word' id='word_1_559' title='bbox 1648 5223 1923 5310; x_wconf 63' lang='lat' dir='ltr'><strong>reparantis.</strong></span> <span class='ocrx_word' id='word_1_560' title='bbox 1960 5226 2011 5288; x_wconf 79' lang='lat'><strong>18.</strong></span> <span class='ocrx_word' id='word_1_561' title='bbox 2037 5222 2093 5288; x_wconf 89' lang='lat' dir='ltr'><strong>Ne</strong></span> <span class='ocrx_word' id='word_1_562' title='bbox 2120 5225 2244 5311; x_wconf 77' lang='lat' dir='ltr'><strong>viget</strong></span> <span class='ocrx_word' id='word_1_563' title='bbox 2267 5224 2321 5293; x_wconf 74' lang='grc' dir='ltr'><strong>Μ.</strong></span> 
     </span>
     <span class='ocr_line' id='line_1_46' title="bbox 527 5319 2377 5417; baseline -0.002 -24"><span class='ocrx_word' id='word_1_564' title='bbox 527 5325 863 5412; x_wconf 70' lang='lat' dir='ltr'><strong>Scarus.14,·18.</strong></span> <span class='ocrx_word' id='word_1_565' title='bbox 893 5319 1023 5417; x_wconf 82' lang='lat' dir='ltr'><strong>genus</strong></span> <span class='ocrx_word' id='word_1_566' title='bbox 1051 5327 1199 5395; x_wconf 86' lang='lat' dir='ltr'><strong>inutile</strong></span> <span class='ocrx_word' id='word_1_567' title='bbox 1227 5347 1377 5399; x_wconf 82' lang='lat' dir='ltr'><strong>nomen.</strong></span> <span class='ocrx_word' id='word_1_568' title='bbox 1400 5328 1459 5412; x_wconf 79' lang='lat' dir='ltr'><strong>lb,</strong></span> <span class='ocrx_word' id='word_1_569' title='bbox 1479 5322 1795 5392; x_wconf 64' lang='lat' dir='ltr'><strong>‘21.·lartiadem·</strong></span> <span class='ocrx_word' id='word_1_570' title='bbox 1817 5327 1872 5409; x_wconf 89' lang='grc'><strong>21,</strong></span> <span class='ocrx_word' id='word_1_571' title='bbox 1894 5327 1949 5402; x_wconf 82' lang='lat'><strong>14,</strong></span> <span class='ocrx_word' id='word_1_572' title='bbox 1972 5344 2101 5392; x_wconf 84' lang='lat' dir='ltr'><strong>caesare</strong></span> <span class='ocrx_word' id='word_1_573' title='bbox 2121 5327 2175 5408; x_wconf 92' lang='lat' dir='ltr'><strong>(in</strong></span> <span class='ocrx_word' id='word_1_574' title='bbox 2207 5324 2322 5397; x_wconf 77' lang='lat' dir='ltr'><strong>deest.)</strong></span> <span class='ocrx_word' id='word_1_575' title='bbox 2372 5319 2377 5331; x_wconf 89' lang='grc'><strong>’</strong></span> 
     </span>
    </p>
   </div>
   <div class='ocr_carea' id='block_1_8' title="bbox 0 0 2868 6391">
    <p class='ocr_par' dir='ltr' id='par_1_8' title="bbox 0 0 2868 6391">
     <span class='ocr_line' id='line_1_47' title="bbox 0 0 2868 6391; baseline 0 0"><span class='ocrx_word' id='word_1_576' title='bbox 0 0 2868 6391; x_wconf 95' lang='lat' dir='ltr'><strong> </strong></span> 
     </span>
    </p>
   </div>
  </div>
 </body>
</html>
