5725 6392
313 1529 421 1643 cnm
444 1591 513 1642 ante
535 1575 592 1644 100
615 1572 760 1644 tredecim
782 1578 851 1646 fere
874 1600 970 1646 annos
988 1577 1263 1659 Quaestionee
1285 1583 1412 1643 nostrae
1434 1572 1676 1642 Horatianus
1700 1571 1915 1660 edidissemus,
1935 1577 1968 1641 iu
1990 1573 2097 1662 quibus

314 1688 347 1743 et
369 1678 407 1744 de
430 1677 537 1744 ordine
559 1700 594 1744 ae
617 1688 771 1771 tempore,
801 1703 858 1768 quo
882 1687 1024 1770 poemata
1046 1700 1102 1745 sna
1123 1679 1273 1745 Horatius
1304 1678 1354 1745 rel
1386 1678 1550 1765 scripserit
1575 1677 1625 1744 vel
1654 1675 1826 1766 digesserit
1846 1684 1935 1763 atque
1956 1675 2099 1760 ediderit,

313 1788 422 1845 contra
443 1778 643 1846 Bentleianae
673 1782 864 1869 potissimum
886 1782 1028 1846 rationes
1051 1781 1209 1870 disputare
1239 1800 1354 1866 suaque
1385 1787 1525 1868 tempora
1547 1786 1579 1844 et
1598 1779 1686 1846 libris
1708 1779 1890 1846 Horatianis
1914 1785 1946 1843 et
1967 1777 2098 1866 siugulis

314 1882 433 1968 eclogia
455 1883 621 1969 assignare
643 1884 744 1947 conati
774 1905 896 1966 snmus,
927 1890 958 1949 et
980 1873 1134 1949 derebus
1156 1880 1311 1948 nonnullis
1342 1880 1380 1945 ad
1403 1880 1580 1968 singulares
1601 1881 1754 1946 hominum
1776 1902 1813 1945 ac
1835 1888 2004 1970 temporum
2025 1900 2099 1945 con·

312 1982 445 2048 ditiones
467 1984 691 2071 pertinentibus
712 1984 802 2073 paulo
825 1984 1003 2073 diligentius
1026 1986 1186 2075 explorata
1206 1983 1435 2072 proposuimus,
1457 1984 1564 2048 nescio
1577 2003 1635 2070 qna
1658 1983 1707 2048 vel
1727 1982 1871 2048 fortunae
1893 1981 2099 2072 prosperitate

314 2083 365 2149 001
386 2085 533 2172 temporis
555 2087 783 2174 opportunitate
805 2085 916 2151 factum
939 2094 1000 2169 est,
1024 2095 1055 2151 ut
1077 2078 1273 2175 complurium
1294 2085 1429 2149 virorum
1452 2083 1609 2150 doctorum
1632 2083 1733 2149 studia
1755 2085 1814 2148 iam
1837 2090 1907 2148 ante
1920 2085 1957 2149 ab
1969 2084 2026 2148 hac
2037 2104 2099 2147 ma·

315 2186 395 2251 teria
415 2184 574 2251 mactanda
594 2185 674 2251 hand
698 2187 798 2252 aliena
820 2188 917 2271 (velut
937 2186 1184 2271 Weicherti,
1200 2182 1407 2269 ¹llichteri,
1431 2183 1470 2251 C.
1492 2185 1698 2269 Praetorii,
1722 2183 1760 2252 (1.
1779 2184 1818 2249 F.
1842 2182 2100 2266 Grotefendi,

315 2309 443 2374 quorum
464 2289 702 2354 commentarios
724 2309 787 2354 non
801 2308 879 2376 opus
895 2295 988 2352 estut
1009 2291 1087 2353 satis
1114 2286 1206 2354 notos
1228 2288 1279 2352 hic
1300 2289 1486 2369 memorare)
1509 2288 1611 2351 acrius
1635 2288 1725 2350 etiam
1748 2287 1935 2368 exarserint,
1957 2293 1990 2349 ut
2006 2284 2101 2372 pluri·

314 2389 373 2455 bne
395 2388 445 2454 uel
477 2389 589 2454 libellis
612 2390 663 2453 001
684 2389 785 2476 plenis
807 2386 1008 2453 voluminibus
1031 2409 1097 2452 cnm
1120 2389 1288 2452 summatim
1310 2385 1348 2451 de
1370 2385 1496 2450 Horatii
1517 2386 1599 2468 vita,
1621 2386 1762 2472 ingenio,
1784 2387 1918 2452 moribus
1942 2386 2100 2474 0000101,

313 2500 378 2554 tum
400 2488 439 2553 de
460 2490 606 2553 librorum
628 2490 665 2552 ab
687 2490 757 2575 ipso
780 2486 928 2551 editorum
952 2487 1059 2552 ordine
1081 2494 1113 2552 et
1134 2486 1172 2552 10
1195 2486 1385 2572 singulorum
1407 2492 1580 2573 poematum
1601 2485 1705 2551 indole
1726 2507 1763 2551 ac
1785 2486 1971 2576 temporibus
1992 2485 2100 2574 singil·
2220 2518 2223 2522 ·

312 2591 399 2658 latim
422 2611 571 2675 quaerere
594 2610 629 2652 ac
652 2589 809 2652 disserere
831 2587 1030 2651 instituerint.
1073 2585 1123 2651 10
1144 2588 1272 2675 primum
1295 2583 1385 2650 Car.
1406 2585 1579 2651 Frankii
1600 2587 1750 2652 inFastis
1773 2586 1953 2653 Horatianis
1977 2586 2099 2670 (110001

313 2687 416 2772 ι1881)
439 2690 591 2755 exhibitas
614 2689 743 2754 subtiles
765 2695 984 2774 accusatosque
1007 2687 1231 2777 disputationes
1254 2686 1424 2752 honorifice
1447 2688 1680 2753 commemoro(
1707 2687 1789 2753 Tum
1813 2686 1914 2754 (1011
1937 2687 2101 2777 Sigiem.

313 2792 553 2858 Teuffelius
576 2791 693 2878 insigni
714 2790 834 2876 ingenii
863 2790 1039 2878 sagacitate
1064 2787 1216 2875 studiique
1238 2787 1420 2854 assiduitate
1447 2787 1584 2878 pluribus
1613 2791 1838 2856 commentariis
1868 2797 1900 2855 et
1928 2789 1966 2855 de
1994 2790 2101 2878 singu·

313 2895 355 2962 lis
377 2895 458 2958 ritae
469 2893 660 2958 Horatianae
672 2891 854 2981 partibus-et
864 2890 902 2957 de
912 2899 1083 2981 poematum
1105 2891 1292 2980 temporibus
1305 2891 1381 2978 egit
1415 2888 1473 2954 W.
1486 2889 1525 2957 Ε.
1549 2889 1748 2958 Weberus
1770 2894 1802 2958 in
1819 2891 1898 2958 libro
1922 2889 1985 2975 „Q
1998 2889 2100 2958 Hora·

317 2996 522 3061 tiusFlaccos
545 2993 592 3059 als
604 2992 738 3059 Mausoli
759 2992 821 3058 001
841 2992 996 3059 Dichter“
1017 2990 1133 3080 (10000
1155 2994 1253 3076 1844)
1275 2992 1442 3081 ingeniosa
1463 3014 1522 3080 qua
1543 2995 1705 3060 consuevit
1726 2994 1868 3060 sollertia
1896 3014 1952 3059 nec
1981 2995 2100 3060 minore

317 3098 454 3162 acumine
486 3117 573 3182 qnam
601 3093 772 3160 eruditione
800 3095 850 3160 his
873 3093 912 3159 de
944 3095 1036 3161 rebus
1060 3094 1217 3159 disseruit.
1260 3093 1303 3162 H.
1323 3095 1554 3160 Dintaerns
1577 3095 1610 3162 in
1630 3095 1726 3162 libro:
1750 3095 1883 3179 „Kritik
1904 3093 2100 3163 00110111·

315 3219 399 3287 ruug
420 3197 476 3263 der
496 3196 577 3262 Hor.
601 3194 774 3261 Gedichte“
796 3195 931 3264 Brnnev.
954 3199 1040 3263 1840
1052 3233 1092 3246 -
1104 3196 1190 3259 1844
1210 3195 1348 3260 rationes
1379 3217 1452 3261 snas
1480 3194 1634 3261 liberrime
1661 3205 1843 3287 persecutus
1861 3203 1920 3262 est
1964 3195 2099 3263 Stren-

317 3302 437 3368 berus
459 3301 492 3364 in
513 3297 609 3364 libro:
634 3294 873 3386 „chronologis
896 3296 952 3363 der
971 3296 1050 3364 Hor.
1072 3296 1295 3385 Dichtungen“
1318 3295 1410 3380 (Bae.
1433 3297 1534 3385 leat)
1555 3298 1659 3363 varias
1691 3300 1826 3364 0100000
1848 3295 2099 3366 1000000000·

316 3403 431 3469 tentiae
460 3401 546 3468 inter
574 3420 609 3466 se
632 3400 834 3488 comparavit:
869 3397 1075 3488 Zumptius
1096 3396 1137 3467 V.
1163 3395 1211 3465 (ll.
1231 3398 1265 3463 in
1285 3396 1506 3465 Wiistemanni
1525 3420 1607 3466 nova
1629 3398 1811 3466 Sermonum
1833 3421 1873 3466 ex
1894 3421 1957 3467 rec.
2002 3400 2099 3468 Hein-

317 3503 409 3570 dortii
430 3502 565 3568 editione
587 3522 672 3567 suam
694 3500 732 3566 de
752 3500 923 3567 Satirarum
944 3501 1130 3590 temporibus
1154 3499 1336 3566 sententiam
1357 3501 1519 3591 exposuit,
1542 3508 1574 3566 et
1585 3499 1625 3567 B.
1637 3499 1675 3566 de
1691 3499 1916 3587 Walclrenaer,
1938 3524 1980 3569 ex
2000 3502 2099 3569 doctis

316 3603 555 3692 Francogalliae
575 3604 741 3687 nobilibus,
764 3601 881 3668 duobus
902 3602 1105 3668 voluminibus
1119 3602 1195 3668 satie
1208 3602 1316 3692 amplis
1336 3601 1493 3688 (Histoire
1516 3601 1595 3668 dela
1608 3604 1658 3668 010
1673 3610 1706 3668 et
1727 3601 1783 3669 des
1794 3606 1920 3694 poesies
1933 3603 2099 3672 d’Horace.

318 3706 413 3773 Paris
435 3709 533 3787 1841)
562 3706 594 3771 10
627 3705 736 3770 00100
758 3711 938 3793 argumento
960 3704 1252 3795 copioseversatns
1275 3710 1335 3770 cst.
1376 3703 1442 3771 Alii
1462 3711 1627 3795 praeterea
1647 3702 1728 3772 hand
1749 3707 1838 3796 pauci
1860 3707 1898 3775 de
1919 3708 2013 3773 rebus
2034 3708 2099 3772 siu·

317 3809 400 3898 gulis
412 3807 619 3896 singularibus
631 3805 742 3872 libellis
754 3816 896 3894 egerunt,
922 3828 1000 3895 quos
1011 3810 1062 3872 001
1074 3828 1178 3873 omnes
1191 3827 1360 3874 memorare
1380 3807 1517 3897 longum,
1537 3808 1588 3875 rel
1610 3806 1752 3895 singulos
1773 3811 1946 3901 praeterire
1967 3806 2099 3874 invidio·
2155 3860 2160 3868 .

319 3933 386 3976 eum
408 3919 466 3975 est
504 3906 640 3988 Quorum
661 3909 793 3974 omnium
815 3908 911 3974 variis
934 3908 1203 3998 disputationibus,
1233 3910 1293 3976 etsi
1314 3909 1394 3977 haud
1415 3932 1513 4001 panca
1533 3911 1706 3977 accuratius
1729 3931 1816 3998 quam
1838 3909 1909 3976 olim
1931 3909 2100 4000 perquisita

320 4021 352 4077 et
379 4012 531 4076 illustrata
559 4018 647 4092 snut,
677 4017 779 4075 temen
806 4018 840 4074 ut
867 4010 902 4074 fit
929 4010 962 4076 in
988 4012 1081 4078 rebus
1112 4011 1211 4078 dubiis
1233 4019 1266 4078 et
1286 4013 1440 4099 obscuris,
1461 4034 1527 4081 cnm
1556 4034 1614 4079 sua
1643 4013 1749 4099 cuique
1778 4012 1908 4078 maxime
1930 4012 2112 4101 placerent,·

319 4134 394 4179 vere
416 4111 558 4177 effectum
579 4120 639 4194 est,
661 4118 694 4177 ut
715 4114 814 4199 major
834 4131 922 4198 quam
943 4119 1034 4178 autea
1055 4114 1245 4202 perturbatio
1270 4115 1436 4199 exstiterit,
1458 4137 1516 4181 nec
1539 4114 1637 4181 solum
1658 4135 1711 4181 res
1733 4113 1842 4181 dubiae
1863 4114 1895 4178 in
1916 4113 2036 4180 incerto
2046 4134 2097 4178 re·
2130 4163 2133 4169 .

317 4215 408 4281 lictae
431 4213 487 4278 sed
510 4234 586 4299 quae
607 4213 767 4303 explorata
787 4213 848 4279 iam
870 4220 901 4278 et
922 4233 1074 4280 concessa
1095 4214 1284 4301 viderentur,
1316 4217 1349 4283 in
1378 4215 1498 4283 dubium
1530 4214 1630 4282 10000
1661 4222 1772 4282 rocam
1804 4217 1876 4281 sint
1939 4213 1987 4280 lta
2009 4216 2098 4302 quasi

317 4319 351 4382 10
374 4316 498 4404 ancipiti
518 4315 597 4380 libra
609 4336 761 4404 suspensa
790 4315 934 4405 pleraque
956 4316 1048 4382 ctiam
1069 4338 1150 4383 nnuc
1170 4319 1311 4403 haerent,
1340 4326 1373 4385 ut
1390 4318 1498 4409 poesis
1520 4315 1712 4384 Horatianus
1735 4317 1867 4384 studiosi
1889 4338 1947 4404 quo
1969 4337 2005 4382 ee
2028 4338 2095 4381 ver-

318 4426 396 4501 tant,
418 4438 493 4504 qnae
513 4418 670 4482 rariorum
692 4419 861 4484 sententiae
883 4415 1113 4507 amplectantur,
1136 4418 1204 4485 fere
1225 4421 1379 4505 nesciant,
1399 4418 1432 4486 id
1454 4417 1646 4508 quodetiam
1667 4418 1801 4488 inlibris
1813 4440 1938 4509 opernm
1949 4417 2096 4485 Horatia·

322 4541 430 4586 norum
450 4540 548 4607 nuper
569 4517 660 4583 editis
684 4519 857 4586 auctoribus
880 4520 1026 4587 evenisse
1047 4520 1324 4589 animadvertimus.

404 4620 542 4686 Nostrae
570 4641 687 4707 quoqne
710 4640 766 4685 suo
794 4628 931 4711 tempore
959 4621 1004 4709 (a
1036 4624 1133 4705 1814)
1156 4623 1265 4689 100000
1287 4623 1473 4691 eruditorum
1501 4631 1650 4714 exceptae
1679 4622 1907 4707 Quaestionee,
1928 4621 1967 4688 de
1988 4623 2095 4709 quibus

319 4723 488 4788 0110011
509 4723 569 4786 0101
586 4728 646 4786 tam
668 4721 822 4810 exquisita
842 4721 982 4790 doctrina
1003 4745 1090 4810 qnam
1112 4724 1203 4789 animi
1225 4723 1359 4791 candore
1382 4725 1562 4793 excellentis
1584 4726 1682 4810 (1010
1702 4723 1816 4789 Annal.
1840 4725 1934 4790 leto.
1948 4721 2020 4794 vm
2043 4727 2095 4790 lo.

320 4823 414 4890 Faue.
437 4828 492 4906 1):
514 4822 655 4889 Bahrii
676 4820 717 4892 V.
739 4821 788 4890 Cl.
810 4825 858 4909 (in
878 4824 992 4891 Annal.
1014 4824 1108 4892 litter.
1125 4825 1390 4913 Hermisium)
1411 4825 1627 4894 Doederleinii
1640 4823 1681 4893 V.
1698 4823 1746 4893 Cl.
1768 4825 1944 4909 (1010001.
1965 4826 2094 4892 litterar.

319 4924 637 5009 nummicolarum
659 4925 779 5015 Langii
788 4925 828 4998 V.
840 4923 890 4992 cl.
912 4927 962 5008 (in
983 4926 1096 4992 Annal.
1112 4948 1177 4992 crit.
1199 4926 1422 4993 1100011811.
1445 4926 1489 4991 Τ.
1503 4926 1559 5007 11)
1577 4923 1694 5011 judicia
1708 4927 1876 4995 honorifica
1889 4935 1981 5016 grato
1992 4930 2094 4996 animo

318 5027 462 5115 legimus,
486 5048 670 5094 communem
692 5037 793 5095 tamen
814 5025 964 5116 ejusmodi
985 5028 1167 5118 scriptorum
1189 5051 1301 5095 sortem
1323 5025 1402 5093 haud
1423 5025 1611 5115 effugerunt,
1631 5036 1666 5094 ut
1686 5028 1748 5096 alia
1760 5030 1831 5096 aliie
1851 5031 1902 5096 001
1915 5030 2096 5121 placuerint,

318 5129 370 5195 rel
391 5127 613 5218 displicuerint,
634 5129 780 5197 nonnulla
801 5129 957 5197 doctorum
979 5150 1111 5197 assensn
1131 5132 1272 5220 probata,
1294 5130 1354 5195 alia
1373 5128 1424 5196 001
1448 5127 1622 5195 addubitata
1642 5132 1692 5198 rel
1708 5133 1827 5218 rejecta
1846 5135 2018 5222 acriterque
2039 5137 2094 5202 im·

318 5238 456 5320 pugnata
476 5232 550 5301 sint.
593 5230 696 5319 Atque
717 5232 867 5320 eiusmodi
887 5231 1136 5303 1000100110
1157 5253 1195 5300 ac
1215 5231 1500 5323 disceptationibus,
1523 5232 1552 5299 si
1573 5230 1664 5300 modo
1685 5253 1752 5300 cum
1774 5255 1813 5300 ea
1833 5254 1893 5322 qua
1913 5234 2002 5303 decet
2013 5236 2116 5304 inter⁵

1691 5394 1698 5409 ·
1839 5358 1858 5419 1
