5725 6392
1112 867 1351 880 ῳ..-

336 986 382 1032 se
404 984 463 1054 pro
486 985 505 1029 e
527 964 763 1054 (praecium,
785 963 984 1051 Lalagae)
1008 963 1085 1050 qaod
1108 965 1142 1030 in
1163 967 1383 1032 vetustioribus
1405 963 1487 1038 haud
1500 986 1573 1031 raro
1594 984 1652 1031 usn
1674 969 1769 1034 venit.
1813 968 1928 1036 Aecus.
1943 970 2000 1038 111.
2015 971 2127 1043 declin.

335 1066 368 1136 ia
396 1067 434 1132 is
464 1068 542 1133 satis
571 1068 771 1155 frequentes,
800 1066 855 1133 sad
883 1067 999 1155 passim
1028 1069 1170 1135 correcti.
1192 1068 1338 1135 Lectio
1367 1069 1456 1135 huius
1486 1068 1602 1134 codicis
1625 1091 1665 1135 ex
1687 1071 1858 1156 antiquiore
1881 1076 1971 1140 etiam
1994 1078 2126 1166 optimae

333 1175 428 1236 notae
457 1170 625 1258 exemplari
656 1170 815 1260 prolecta,
837 1191 915 1258 pura
935 1171 1122 1259 plerumque,
1144 1180 1231 1237 recta
1253 1180 1285 1237 et
1306 1172 1476 1255 emendata,
1498 1172 1655 1237 librarium
1676 1172 1778 1260 prodit
1800 1173 1918 1241 doctum
1942 1185 1973 1242 et
1994 1178 2126 1268 dibgen·

333 1283 396 1340 tear
418 1322 430 1357 ,
451 1279 485 1338 nt
506 1273 575 1338 huic
596 1270 790 1338 reverendae
810 1273 973 1338 vetustatis
995 1274 1073 1340 libro
1096 1296 1157 1340 non
1178 1274 1268 1342 modo
1291 1275 1407 1364 primns
1429 1276 1511 1340 inter
1531 1273 1701 1341 laudabiles
1722 1275 1780 1341 hos
1801 1275 1924 1343 codices
1936 1277 2126 1367 Lipsiensas

331 1375 443 1460 locus,
456 1374 513 1446 sed
535 1376 657 1441 omnino
679 1374 836 1464 plurimum
859 1377 1050 1442 auctoritatis
1072 1378 1153 1443 inter
1174 1378 1418 1467 praestantiores
1431 1377 1574 1444 lectionis
1595 1377 1787 1443 Horatianae
1810 1379 1913 1445 lontes
1936 1382 2127 1452 tribuendum

331 1478 393 1548 sit.-
431 1470 510 1544 Cod.
531 1477 622 1566 Lips.
649 1483 679 1546 1.
702 1500 767 1543 cnm
790 1478 848 1544 hoc
871 1480 967 1545 altero
989 1481 1147 1569 plurimum
1170 1481 1327 1564 convenit,
1350 1481 1441 1545 etiarn
1464 1481 1635 1568 singularia
1657 1481 1801 1567 quaedam
1825 1485 2125 1553 cumeocommunia

330 1581 438 1664 babet,
460 1580 543 1646 velut
564 1581 590 1648 l.
613 1579 681 1650 Sat.
705 1585 756 1646 lu.
780 1603 809 1646 v.
832 1585 877 1647 88
898 1591 969 1647 ante
989 1586 1033 1647 82
1054 1584 1087 1648 in
1108 1591 1247 1671 utroque,
1271 1581 1327 1648 sed
1348 1584 1380 1648 in
1401 1582 1443 1648 L.
1469 1588 1499 1650 l.
1521 1584 1633 1648 litteris
1656 1583 1820 1671 adscriptis
1845 1583 1922 1651 ordo
1952 1588 2125 1654 restitutura.

329 1682 376 1750 Π.
401 1681 469 1749 sae
491 1687 523 1748 8.
546 1705 577 1748 v.
598 1686 673 1749 288.
697 1688 750 1749 oa
772 1692 804 1748 et
824 1689 877 1750 18.
900 1686 931 1749 in
954 1692 1083 1773 utroque
1107 1688 1213 1752 omissi
1237 1695 1268 1751 et
1281 1687 1313 1752 in
1326 1707 1441 1751 sommo
1464 1686 1604 1773 margine
1627 1686 1775 1775 adscripti
1798 1694 1877 1752 sunt.
1900 1687 1973 1754 ibid.
1996 1710 2026 1755 v.
2048 1690 2124 1757 aab

330 1784 424 1853 laelio
447 1786 681 1874 ibi'eflngit
702 1786 734 1850 in
756 1793 895 1873 utroquo,
918 1798 1060 1853 correcta
1081 1810 1101 1854 a
1122 1793 1153 1855 1.
1176 1811 1214 1854 m.
1240 1790 1272 1855 in
1292 1790 1335 1855 L.
1360 1795 1402 1872 1.,
1426 1811 1446 1853 a
1467 1792 1497 1853 2.
1521 1810 1560 1854 ιιι.
1583 1787 1625 1855 L.
1648 1793 1678 1853 2.
1702 1811 1732 1854 v.
1752 1792 1826 1854 818.
1849 1811 1911 1854 non
1934 1791 1962 1855 si
1985 1799 2014 1856 te
2037 1813 2124 1882 rup-

329 1888 463 1978 peris,
491 1890 694 1974 metroque,
724 1894 757 1952 ut
785 1889 983 1975 cognationis
1007 1891 1120 1977 aliquid
1141 1893 1223 1959 inter
1243 1892 1301 1957 bos
1325 1890 1413 1958 codd.
1438 1889 1632 1963 intercedere
1654 1892 1804 1957 videatur.
1849 1890 1999 1981 Singulos
2022 1915 2063 1960 ex
2085 1915 2125 1962 eo

328 1989 420 2058 locos
443 1989 558 2065 afferre
580 2011 641 2056 non
665 1990 766 2077 magis
789 2012 875 2077 qnam
899 2013 939 2056 ex
959 1992 1052 2082 Lips.
1075 1999 1105 2059 1.
1132 2016 1209 2083 opus
1233 2017 1305 2060 esse
1327 1994 1480 2059 dammas.
2067 1984 2070 1988 “

416 2094 474 2176 88)
495 2095 607 2178 Iam.
629 2090 674 2176 8,
698 2108 740 2163 a·
807 2091 944 2159 Codex
971 2097 1012 2178 8,
1050 2117 1077 2162 a.
1102 2097 1388 2164 bibliothecae·
1411 2095 1656 2163 Senatoriae
1678 2096 1922 2185 Lipsiensis
1944 2118 2028 2168 saec.
2049 2096 2125 2167 ΧΠ.

327 2196 495 2279 membran.
518 2197 550 2260 in
572 2195 601 2261 F
603 2197 643 2261 ol.
666 2196 737 2262 mai.
757 2195 838 2284 Rep.
861 2196 886 2263 l.
909 2198 964 2262 fol.
985 2201 1018 2261 4.
1049 2197 1198 2264 Notitiam
1229 2202 1296 2265 eins
1320 2199 1404 2266 dedit
1424 2200 1623 2264 Naumannus
1647 2198 1677 2264 in
1702 2197 1855 2287 Catalogo
1879 2200 2025 2266 librorum
2045 2220 2123 2266 mss.

328 2299 404 2365 bita
425 2297 500 2363 Sen.
523 2299 616 2386 Lips.
643 2320 673 2386 p.
695 2303 727 2364 4.
755 2319 808 2363 no.
830 2297 906 2361 XL'.
933 2298 1034 2363 Liber
1060 2299 1153 2364 Janio
1187 2301 1267 2365 hand
1295 2303 1452 2388 cognitus.
1497 2300 1700 2365 Lectionibus
1723 2300 1793 2364 inde
1817 2304 1972 2389 excerptis
1995 2324 2053 2368 nos
2075 2303 2125 2369 usi

292 2430 297 2447 ⁰
331 2421 437 2467 nnus
460 2401 492 2465 in
515 2400 563 2470 ed,
587 2398 760 2464 Satirarum
782 2399 838 2459 sub
861 2398 907 2460 tit.
929 2397 1021 2484 Lips.
1043 2402 1076 2467 8.
1104 2407 1136 2464 et
1157 2400 1310 2464 Obbarius
1332 2403 1365 2465 in
1388 2401 1488 2487 Epist.
1533 2399 1597 2465 Sed
1620 2400 1847 2486 quoniamdani
1875 2403 1907 2466 in
1919 2402 1976 2466 Ed.
1991 2403 2156 2471 0darnm·'

329 2510 509 2589 sequentem
531 2500 666 2563 codicem
688 2501 741 2564 89.
764 2497 874 2580 (XLII
897 2520 945 2587 ap.
968 2499 1156 2585 Naumann.)
1179 2502 1226 2566 tit.
1246 2502 1339 2589 Lips.
1362 2503 1394 2569 8.
1418 2498 1607 2586 designavit,
1629 2523 1689 2565 nos
1713 2523 1803 2584 nunc,
1828 2503 1950 2567 utinsta
1965 2503 2123 2572 dshnctio

327 2605 394 2690 hat,
415 2605 501 2670 illurn
524 2602 568 2665 tit
590 2599 703 2688 Lips.
725 2601 764 2681 8,
788 2622 817 2668 a.
840 2600 919 2665 hunc
948 2599 1063 2685 Lips.
1084 2605 1127 2683 8,
1151 2603 1385 2667 bfinotavimus.
1424 2638 1466 2686 ·,·
1512 2602 1602 2666 Hunc
1626 2604 1762 2667 codicem
1785 2604 1914 2668 omnium
1939 2605 2122 2693 splendissi-

327 2728 409 2777 ιιι
428 2708 463 2772 in
483 2704 658 2769 membrana
679 2700 801 2788 grandi,
824 2701 921 2765 nitida
942 2704 1078 2788 satisque
1102 2702 1171 2767 alba
1193 2725 1229 2769 ac
1251 2704 1406 2791 laevigata
1431 2725 1547 2768 summa
1569 2726 1635 2769 cum
1658 2727 1733 2769 cura
1754 2712 1843 2791 atque
1866 2704 2027 2793 diligentia
2048 2730 2123 2775 exa·

324 2818 427 2878 ratam
449 2807 499 2873 rel
520 2805 607 2893 regis
630 2803 681 2868 vel
702 2804 851 2891 principis
873 2804 1001 2869 alicuius
1025 2804 1074 2869 vel
1098 2804 1201 2871 divitis
1224 2806 1342 2870 abbatis
1366 2807 1453 2871 iussu
1477 2815 1509 2871 ct
1531 2816 1628 2872 sumtu
1651 2820 1723 2897 puto
1747 2810 2015 2893 essoconlectnm,
2036 2808 2123 2879 ideo·

328 2930 389 3000 pse
417 2931 458 2976 ex
486 2907 692 2974 selectissimo
722 2904 850 2993 quodam
878 2928 915 2971 aa
947 2908 1216 2996 praestantissimo
1248 2909 1416 2996 exemplari
1446 2911 1672 3000 transcriptam.
1716 2909 1882 2999 Splendida
1910 2911 2025 2998 ligatus
2053 2913 2123 2998 init,

327 3012 514 3103 tegumentis
537 3010 623 3076 corio
646 3007 736 3075 badio
760 3009 911 3092 obductis,
934 3010 1096 3098 impressis
1118 3032 1158 3075 ex
1181 3033 1255 3076 auro
1279 3011 1389 3098 figuris
1412 3032 1478 3075 cum
1511 3013 1628 3100 insigni
1650 3011 1818 3077 Electorali
1841 3012 2010 3097 Saronico,
2033 3014 2123 3081 lron·

327 3118 411 3185 tibas
432 3115 599 3192 inauratis3
629 3111 684 3176 sed
713 3133 770 3176 usn
799 3133 879 3176 nnnc
911 3111 1000 3175 valde
1023 3112 1096 3175 trita
1118 3119 1168 3177 est
1190 3113 1256 3177 eins
1278 3114 1389 3176 vestis.
1432 3112 1508 3177 Fuit
1530 3115 1600 3179 olim
1622 3116 1802 3180 monasterii
1824 3114 1896 3197 „St
1919 3113 1941 3181 J
1949 3117 2121 3184 ohannis

326 3218 546 3308 Baptistae
567 3212 889 3302 Magdehurch“,
918 3228 952 3278 ut
972 3213 1070 3302 prima
1091 3214 1208 3302 pagina
1228 3213 1386 3279 in.lronte
1408 3212 1509 3278 docet.
1556 3214 1690 3280 Constat
1710 3216 1795 3281 foliis
1820 3222 1893 3300 184,
1916 3218 2023 3305 quibus
2047 3204 2120 3285 con-¹

326 3322 483 3387 timentura
506 3319 538 3401 a)
562 3311 738 3384 Salustii
761 3314 942 3383 Catilina
962 3324 995 3380 ct
1016 3314 1225 3402 iugurtha
1247 3316 1334 3381 soll
1350 3319 1510 3380 -4b.-
1531 3317 1568 3398 b)
1590 3317 1820 3405 lloratiiopera
1842 3340 1922 3383 cnm
1945 3320 2120 3388 scholiis

327 3431 368 3491 et
389 3421 548 3510 glossis
570 3421 625 3486 fol.
647 3423 828 3484 ao-loa
852 3419 910 3485 boc
933 3417 1059 3485 ordine:
1098 3417 1266 3485 Odarnm
1288 3419 1385 3485 libri
1406 3416 1463 3487 lv.
1488 3416 1646 3508 Epodon
1670 3419 1736 3485 lib.
1760 3417 1887 3486 Carm.
1910 3442 2016 3499 saec.
2040 3422 2120 3489 Ars
2235 3422 2239 3429 ’

325 3532 434 3615 poet.
456 3522 727 3612 Epistolarum
748 3520 846 3586 libri
867 3520 910 3586 ll.
933 3520 1160 3586 Sermonum
1183 3520 1282 3586 libri
1303 3521 1345 3586 11.
1368 3521 1529 3587 deficiente
1542 3542 1600 3585 uno
1612 3520 1666 3586 lol.
1681 3521 1748 3590 Sat.
1760 3521 1788 3605 l,
1809 3526 1842 3605 8,
1866 3545 1894 3587 v.
1910 3523 2120 3593 aureola

326 3626 434 3693 ultima
455 3625 585 3690 Salustii
613 3625 728 3714 pagina
750 3624 922 3712 praemissa
945 3631 994 3686 est
1016 3623 1142 3688 brevior
1163 3623 1216 3686 illa
1235 3622 1399 3687 Horatii
1421 3621 1525 3706 Vita,
1549 3625 1635 3711 cujus
1658 3624 1776 3688 initium
1798 3625 1857 3689 hoc
1874 3633 1938 3689 est:
1962 3628 2120 3693 Horatius

325 3732 464 3794 Flam
483 3730 628 3793 mortino
644 3737 744 3811 patre
762 3737 860 3791 natus
879 3731 914 3791 irs
935 3728 1067 3810 Apulia.
1089 3732 1160 3791 cett.
1175 3725 1212 3789 de
1227 3746 1285 3810 qua
1298 3725 1328 3789 in
1341 3732 1416 3790 nota
1428 3726 1460 3790 b.
1477 3725 1514 3790 ad
1527 3726 1619 3814 Lips.
1632 3727 1664 3789 4.
1683 3748 1821 3812 agemus.
1839 3762 1881 3776 -
1902 3730 1938 3809 c)
1960 3727 2118 3795 Lucani

324 3831 547 3897 Pharsalia
570 3852 651 3896 cnm
674 3829 844 3895 scholiis
867 3829 1267 3914 sol.1o4-1oanrque
1290 3827 1329 3892 ad
1352 3828 1485 3893 ultimum
1507 3829 1605 3916 ipsius
1629 3850 1753 3894 versum
1776 3829 1910 3917 integra,
1934 3830 2038 3896 eadem
2062 3851 2117 3909 an·¹

325 3935 535 4023 tiqnsmanu.
556 3969 600 3984 -
621 3933 659 4014 d)
681 3931 880 3997 Martiani
903 3929 1097 4020 Capellae
1121 3953 1217 4020 opus:
1242 3931 1299 3996 De
1327 3931 1484 4020 nuptiis
1506 3930 1760 4019 philologiae
1783 3940 1824 3996 et
1842 3930 2038 4011 Mercurii
2059 3931 2116 4003 fot.

323 4039 526 4103 sss-184.
557 4035 664 4110 eadem
692 4054 781 4099 mann
812 4033 1051 4099 luculentissime
1074 4035 1230 4124 scriptum.
1273 4033 1463 4120 Paginarnm
1483 4053 1591 4119 margo
1615 4034 1753 4098 exterior
1775 4034 1895 4098 tertiam
1917 4055 2021 4105 aarum
2042 4056 2114 4124 par·

321 4148 386 4205 tera
414 4140 557 4205 obtinens
586 4137 783 4227 plenissimos
812 4135 1007 4204 Scholiastae
1032 4139 1148 4202 veteris
1172 4137 1405 4204 commentarios
1429 4135 1468 4200 ad
1489 4135 1547 4200 hoc
1571 4156 1647 4224 opus
1671 4135 1763 4199 habet
1784 4136 1906 4200 minutis
1929 4134 2041 4203 litteris
2063 4158 2115 4202 ac·

322 4242 518 4307 cautissime
549 4241 702 4330 scriptos,
732 4238 841 4305 iisdem
871 4238 1042 4326 scripturae
1071 4238 1163 4327 siglis
1197 4247 1229 4304 et
1248 4238 1436 4327 compendiis
1460 4260 1536 4324 quae
1558 4239 1590 4302 in
1612 4245 1696 4304 textu
1719 4238 1834 4320 insunt,
1857 4237 1936 4305 unde
1958 4240 2026 4328 pari
2048 4261 2115 4309 oum

320 4344 394 4434 ipso
422 4350 523 4409 aetate
555 4364 628 4408 esse
650 4342 817 4430 colligitur.
861 4339 973 4407 Ultima
994 4341 1065 4406 libri
1086 4343 1201 4430 pagina
1220 4341 1379 4408 mirificans
1400 4341 1492 4406 habet
1513 4341 1597 4407 orbis
1621 4349 1770 4407 terrarum
1792 4341 1922 4429 figuram
1944 4342 2059 4407 calamo
2082 4349 2115 4407 et

321 4454 494 4513 amento
523 4445 726 4534 descriptam,
755 4465 841 4530 qnam
863 4444 1062 4510 Naumannus
1092 4446 1124 4510 in
1148 4443 1301 4532 Catalogo
1333 4443 1481 4532 depictam
1504 4444 1649 4510 exhibuit.
1672 4481 1714 4493 -
1750 4443 1916 4510 Horatii
1938 4464 2060 4531 opera
2079 4442 2114 4509 in

320 4550 457 4640 geminis
479 4550 611 4615 omnium
632 4547 814 4637 paginarum
835 4548 983 4613 columnis
1006 4548 1122 4637 scripta
1143 4557 1236 4631 sunt,
1261 4548 1402 4613 versibus
1423 4550 1468 4611 84
1488 4548 1689 4614 interlineas
1713 4546 1783 4612 stilo
1806 4547 1975 4634 impressas
1998 4563 2112 4630 easque

319 4672 380 4742 per
409 4650 549 4740 singalas
578 4660 692 4716 tantam
721 4649 897 4734 columnas,
926 4673 987 4716 non
1017 4672 1073 4739 per
1100 4650 1228 4715 medium
1250 4651 1332 4716 inter
1356 4672 1411 4715 eas
1434 4652 1564 4739 spatium
1587 4650 1703 4717 ductas.
1745 4648 1841 4713 Modo
1864 4665 1978 4711 summa
1999 4653 2031 4710 et
2051 4646 2113 4711 ima

317 4755 438 4845 pagina
465 4756 552 4819 binas
583 4753 676 4819 habet
704 4761 902 4818 transversas
930 4775 987 4842 per
1009 4761 1102 4819 totam
1123 4752 1309 4816 latitubnen
1332 4752 1452 4836 lineas,
1483 4756 1532 4841 qni
1555 4777 1620 4819 rnos
1643 4761 1714 4818 ante
1737 4770 1819 4813 saec.
1855 4746 1913 4812 XI.
1935 4768 1997 4812 non
2018 4769 2109 4837 repes

318 4855 431 4924 ritas.³
456 4854 536 4922 Sed
552 4857 656 4923 'lineis
685 4854 989 4945 perpendiculacibns
1022 4862 1068 4921 et.
1083 4856 1186 4943 spatia
1211 4855 1294 4939 inter
1321 4857 1477 4923 columnas
1507 4864 1708 4943 separantur,
1738 4857 1769 4913 et
1797 4850 1928 4937 geminis
1964 4850 2112 4937 utrimque

318 4959 445 5026 literae
465 4980 609 5025 versuum
630 4959 765 5025 initiales
787 4957 992 5041 includuntur,
1014 4979 1120 5041 omncs
1143 4960 1311 5023 carnariam
1335 4960 1480 5043 scriptae.
1524 4955 1623 5020 Tituli
1647 4960 1745 5019 autern
1767 4953 1912 5019 librorum
1935 4959 1967 5016 et
1987 4952 2108 5021 litterae

319 5063 499 5151 eclogarum
529 5062 664 5128 initiales
694 5062 787 5127 minio
820 5060 1000 5150 simpliciter
1026 5063 1144 5149 pictae,
1173 5061 1295 5148 capitali
1329 5058 1492 5146 scriptura,
1515 5057 1584 5121 sine
1606 5058 1809 5122 ornamentis:
1833 5055 2008 5143 eclogarum
2030 5054 2110 5121 tituli

319 5158 407 5247 (conl
422 5165 502 5234 cod.
536 5166 643 5232 Leid.···
661 5178 756 5254 saepe
793 5164 1028 5246 convenientes)
1065 5164 1136 5228 item
1172 5162 1429 5250 miniosscripti,
1451 5159 1621 5226 uncialibus
1650 5159 1774 5228 litteris.
1805 5196 1843 5208 -
1872 5156 1924 5223 hd
1952 5159 2107 5245 margines

315 5267 493 5338 luctator
513 5269 664 5358 permulta
692 5269 785 5333 babet
813 5268 988 5349 scholia,
1017 5266 1228 5330 minutissimis
1255 5265 1374 5333 litteris.
1399 5264 1546 5351 planetet
1564 5263 1734 5331 luculenter
1766 5261 1896 5349 scripm,
1917 5283 1979 5327 non
2001 5259 2108 5325 eodem

314 5388 376 5459 qao
401 5364 504 5445 te'xtns
528 5378 711 5456 mamerto,
735 5369 904 5436 sed-lusco
924 5369 1038 5457 magis,
1059 5367 1368 5454 ascahhamo,
1392 5375 1425 5434 ut
1438 5364 1587 5451 'videtum-
1601 5363 1659 5433 sed
1668 5354 1936 5434 scramsaxis
1958 5361 2106 5448 antiquiss
