5725 6392
1628 681 1687 759 21ss

1539 781 1776 796 -ι-..ινυ-

854 888 910 970 lt)
932 884 1055 954 Brtl.
1070 880 1257 950 ¹.Codex
1278 885 1308 945 1.
1332 879 1603 947 bibliothecae
1623 879 1780 969 Regiae
1802 882 2052 951 Dresdeneis
2075 888 2335 972 membranaceus,
2357 890 2550 980 insvotmaj.

768 990 854 1057 corio
876 986 966 1054 badio
987 993 1084 1050 tectus
1099 1000 1131 1048 et
1152 984 1311 1068 eleganter
1331 981 1459 1069 ligatos,
1483 984 1566 1071 sign.
1588 982 1629 1048 D.
1654 986 1726 1048 182¹.
1749 984 1841 1050 Folia
1863 990 1893 1050 1.
1916 991 1947 1050 et
1966 989 1998 1052 2.
2021 987 2551 1081 praelixaindiceshahentecloga-

767 1113 834 1158 rum
856 1089 1059 1156 arerentiore
1073 1106 1162 1150 manu
1176 1082 1254 1148 male
1270 1083 1416 1170 scriptos.
1459 1083 1495 1149 ln
1517 1085 1632 1174 pagina
1655 1106 1767 1150 aversa
1780 1087 1856 1151 haec
1878 1086 2038 1173 leguntnrt
2068 1091 2122 1152 Es
2135 1092 2319 1157 bibliotheca
2331 1095 2552 1162 Reuerends‘ss.

768 1179 882 1258 Amo.
908 1193 1057 1256 emeca
1075 1190 1282 1252 mmmm
1310 1186 1410 1255 nse.
1439 1189 1565 1252 renas
1594 1189 1707 1271 osecg
1728 1190 1811 1251 nst.
1833 1189 1957 1272 aegrae
1978 1198 2014 1259 a
2033 1191 2405 1275 nesteronem
2426 1219 2552 1282 eompa-

767 1300 852 1359 rnvs't
872 1291 966 1355 1755.
1011 1287 1072 1352 llic
1094 1287 1172 1352 liber
1192 1289 1237 1350 84
1257 1286 1344 1353 foliis
1366 1296 1526 1371 constans,
1548 1288 1604 1354 sed
1625 1287 1742 1354 lacunis
1766 1311 1786 1352 a
1805 1288 1861 1355 fol.
1883 1293 1975 1358 41-
1990 1293 2551 1365 ooette-saarecentioremano

768 1393 916 1484 suppletis
940 1412 1062 1479 opera
1083 1388 1249 1454 Horatii
1271 1389 1396 1453 omnia
1428 1390 1565 1455 continet
1585 1390 1644 1455 hoc
1667 1389 1791 1456 ordine:
1823 1389 1987 1456 Oderum
2016 1392 2078 1457 lib.
2106 1391 2243 1462 1-1v.
2289 1395 2451 1484 Epodon
2482 1400 2550 1466 lib.

768 1495 941 1562 Carmen
963 1490 1159 1556 saeorlrs
1182 1490 1355 1578 poetica.
1400 1489 1575 1577 Sequuntur
1596 1489 1818 1580 Epistulae
1841 1492 1896 1557 lol.
1925 1496 2396 1567 dl-rddarecentioremana
2408 1502 2552 1589 scriptae.

769 1597 852 1662 Tum
866 1593 934 1662 Sat.
964 1593 999 1676 l,
1024 1599 1053 1660 1.
1075 1591 1146 1677 (sol.
1181 1598 1222 1657 ol
1247 1596 1377 1673 averso)
1399 1628 1443 1643 ·-
1462 1591 1570 1659 llSat.
1598 1599 1639 1676 4,
1660 1595 1713 1658 hb.
1735 1592 1866 1658 Lacuna
1886 1593 1959 1659 inde
1983 1616 2078 1682 usque
2100 1594 2139 1660 ad
2160 1595 2204 1662 ll.
2229 1596 2295 1663 Sat.
2323 1604 2357 1681 t,
2380 1604 2419 1665 tr
2444 1601 2551 1668 eadem

765 1706 882 1766 recent.
918 1718 1008 1761 manu
1038 1695 1185 1784 suppleta.
1207 1693 1338 1780 Reliqua
1359 1716 1378 1759 a
1400 1694 1468 1763 Sat.
1488 1694 1540 1778 ll,
1569 1698 1611 1778 t,
1639 1697 1683 1759 72
1698 1692 1863 1760 -sate
1892 1704 1971 1762 extr.
2001 1698 2033 1761 in
2061 1696 2137 1763 folio
2159 1701 2213 1762 84.
2257 1698 2439 1766 Membrana
2459 1703 2550 1789 hujus

721 1789 724 1795 ’
767 1800 883 1874 codicis
904 1806 1033 1887 propter
1054 1805 1235 1862 vetustatem
1258 1805 1289 1860 et
1311 1817 1397 1860 usum
1419 1797 1509 1863 fusca
1530 1804 1563 1861 et
1584 1795 1719 1863 sordida.
1765 1795 1926 1886 Scriptura
1938 1799 2062 1881 minuta,
2087 1798 2143 1863 sed
2157 1801 2233 1865 satis
2246 1800 2386 1889 elegans,
2409 1812 2566 1872 accurata·

766 1912 798 1971 et
819 1901 967 1989 aequalis,
989 1900 1157 1965 litterarum
1180 1897 1270 1977 ductu
1292 1898 1443 1986 anguloso
1467 1906 1498 1964 et
1518 1900 1589 1988 ipsa
1608 1899 1776 1964 litterarum
1798 1900 1899 1964 forma
1920 1907 1952 1964 et
1968 1899 2155 1987 compendiis
2178 1902 2328 1989 siglisque
2351 1908 2551 1974 saeculum

765 2005 840 2071 ΧΠ.
868 2002 987 2093 prodit,
1021 2003 1070 2065 cui
1093 1998 1192 2064 codex
1213 2000 1396 2064 attribuitur.
1442 2000 1564 2067 Lineae
1587 2009 1786 2066 mensversae
1807 2022 1864 2088 per
1886 2022 1991 2066 omnes
2014 2003 2144 2090 paginas
2167 2003 2238 2068 stilo
2262 2003 2380 2090 dacae,
2403 2009 2552 2095 utrimque

766 2107 848 2173 binis
870 2106 961 2170 lineis
984 2101 1285 2192 perpendicularibus
1309 2104 1501 2187 terminatae,
1522 2124 1642 2180 versus,
1655 2104 1688 2169 in
1710 2102 1841 2190 singulis
1864 2104 1988 2191 paginis
2007 2102 2227 2188 ldincludunt,
2250 2106 2552 2176 columnisversuum

764 2211 833 2276 fere
865 2205 1069 2295 simplicibus,
1099 2204 1201 2269 rarius
1231 2204 1264 2268 in
1285 2205 1409 2292 paginis
1432 2206 1547 2292 aliquot
1566 2204 1699 2294 lipodon
1721 2202 1902 2290 duplicibus.
1922 2203 2132 2269 atramentum
2154 2227 2171 2270 e
2193 2206 2285 2294 nigro
2308 2209 2436 2276 fuscum.
2477 2210 2551 2276 Lit-

766 2318 851 2376 terae
869 2307 1007 2383 ,initiales
1028 2327 1171 2370 versuum
1194 2327 1299 2370 omnes
1321 2307 1444 2394 nigrae,
1468 2306 1524 2372 sed
1545 2307 1720 2394 eclogarum
1731 2305 1837 2389 rubro,
1860 2306 1965 2389 viridi,
1988 2307 2130 2372 coeruleo
2149 2306 2377 2397 colorepictae.
2401 2309 2551 2377 Glossa

766 2413 848 2479 iuter
876 2410 974 2475 lineas
1004 2408 1081 2474 satis
1110 2408 1257 2494 frequens
1281 2415 1312 2472 et
1336 2409 1499 2474 scholia
1522 2408 1601 2474 haud
1622 2431 1721 2497 pauca
1742 2406 1781 2472 ad
1802 2409 1972 2496 marginem
1995 2408 2161 2497 adscripta,
2183 2411 2292 2499 partim
2315 2412 2440 2477 eandem
2463 2435 2551 2500 qnam

766 2521 888 2595 textus,
911 2516 1041 2576 atatem
1070 2531 1106 2575 ac
1127 2511 1195 2575 lere
1229 2509 1354 2574 eandem
1376 2533 1496 2575 manum
1517 2532 1593 2598 prae
1616 2532 1651 2575 se
1673 2513 1788 2592 ferunt,
1811 2512 1920 2597 partim
1942 2512 2116 2579 recentiora
2138 2513 2242 2578 varias
2265 2520 2296 2578 et
2316 2535 2422 2579 manas
2445 2523 2477 2579 et
2498 2537 2551 2581 ae·

766 2624 846 2683 tates
867 2613 1009 2704 produnt.
1053 2610 1186 2675 Tituli
1209 2610 1341 2695 singulis
1362 2610 1451 2674 libris
1474 2617 1505 2673 et
1527 2610 1646 2695 eclogis
1668 2611 1842 2697 plerisque,
1864 2630 1926 2673 non
1949 2611 2098 2692 omnihus,
2122 2632 2142 2674 a
2162 2615 2337 2679 recentiore
2358 2638 2446 2680 manu
2470 2617 2550 2682 litte·

764 2721 811 2786 ris
832 2715 1015 2795 uncialibus,
1035 2709 1149 2799 pallido
1171 2715 1354 2792 atramento,
1378 2717 1409 2773 et
1429 2711 1462 2775 in
1485 2710 1701 2797 supplementis
1723 2711 1918 2799 praescripti.
1961 2711 2151 2776 Litterarum
2171 2713 2331 2779 initialiom
2353 2716 2510 2784 columnae
2533 2740 2552 2783 a

765 2826 851 2884 textu
872 2816 1055 2902 aliquantum
1077 2811 1227 2878 distantes
1250 2810 1418 2900 simplicem
1439 2811 1601 2876 uncialium
1622 2812 1704 2877 illius
1728 2812 1838 2876 aetatis
1861 2811 1980 2878 ductum
2001 2813 2123 2881 hahent.
2167 2814 2309 2881 Litterae
2331 2819 2466 2884 minores
2478 2842 2550 2906 qua-

756 2921 872 2993 ¹dratue
901 2926 933 2982 et
961 2915 1140 3004 angulosas.
1169 2936 1185 2978 r
1213 2921 1246 2981 et
1273 2914 1389 2980 linsra
1416 2915 1529 2980 lineam
1556 2935 1704 3003 nusquam
1726 2913 1925 2979 descendunt.
1949 2913 1970 2979 d
1991 2914 2151 2981 rotundum
2171 2917 2364 3006 plerumque,
2398 2920 2553 2990 drarius.

763 3047 782 3091 r
804 3032 836 3089 et
854 3037 872 3089 t
892 3018 1075 3110 promiscue.
1097 3016 1257 3104 llongum
1279 3018 1363 3081 etin
1391 3017 1453 3083 line
1475 3037 1599 3099 vocum,
1622 3015 1746 3105 saepius
1769 3023 1869 3081 tamen
1892 3039 1907 3081 s
1929 3017 1963 3081 in
1984 3017 2043 3081 fine
2066 3025 2099 3082 et
2119 3040 2135 3082 s
2157 3018 2397 3110 superscriptum
2418 3024 2510 3105 (sis).
2535 3044 2552 3088 ι

764 3125 869 3191 littera
889 3121 1010 3207 ubique,
1043 3138 1106 3183 aon
1127 3139 1157 3186 v.
1179 3139 1195 3182 s
1216 3118 1308 3190 finale
1329 3119 1446 3208 passim
1467 3118 1644 3206 productum
1666 3117 1755 3201 (νι)
1776 3127 1808 3185 et
1827 3140 1869 3201 m,
1891 3119 1950 3184 hoc
1971 3118 2061 3185 modo
2084 3136 2154 3188 ι-(.
2175 3121 2318 3186 Litterae
2332 3125 2466 3209 majores
2479 3111 2551 3213 pais·

766 3227 824 3292 sim
846 3224 950 3290 verbis
973 3221 1191 3303 immiscentur,
1215 3221 1352 3306 quimus
1376 3219 1415 3285 ad
1437 3242 1521 3286 saec.
1542 3219 1616 3286 ΧΠ.
1639 3242 1735 3308 nsque
1757 3223 1789 3285 in
1811 3241 1886 3285 mse.
1895 3220 2049 3307 reperitur
2064 3219 2223 3305 (deorsus,
2243 3221 2382 3304 uidear).
2424 3224 2550 3315 Duplex

766 3327 977 3419 tplerumque
999 3329 1126 3389 accentu
1147 3329 1283 3388 notatum
1305 3322 1419 3405 (abii,
1435 3314 1529 3404 alil,
1552 3321 1687 3405 niclis,
1709 3320 1909 3410 propriis)
1932 3321 2062 3409 simplex
2084 3344 2098 3386 ι
2118 3323 2231 3388 rarius.
2254 3344 2297 3387 ae
2320 3332 2351 3387 et
2373 3345 2418 3389 oe
2440 3328 2550 3413 ubique

764 3429 975 3520 pere,rarios
988 3452 1022 3526 p,
1044 3426 1076 3493 dc
1098 3426 1167 3492 fere
1188 3446 1345 3512 nusquam.
1387 3424 1516 3489 Numeri
1526 3425 1642 3513 passim
1665 3423 1766 3510 signis
1788 3424 1897 3504 notati,
1918 3421 1993 3489 1111.
2009 3445 2066 3511 pro
2079 3431 2216 3510 quatuor.
2239 3462 2280 3474 -
2304 3424 2550 3518 Compendia

765 3528 973 3597 scribendi
1005 3527 1111 3593 eadem
1145 3527 1237 3606 lere,
1270 3548 1347 3612 quae
1378 3526 1412 3593 in
1446 3525 1514 3590 aliis
1547 3547 1623 3592 mss.
1657 3526 1724 3611 ejus
1759 3524 1884 3605 saeculi.
1918 3520 1951 3587 dr
1973 3545 2029 3610 pro
2063 3534 2111 3592 et.
2141 3517 2171 3608 e,
2193 3538 2245 3597 -ξ-
2270 3549 2327 3617 pro
2358 3535 2438 3612 est,
2460 3539 2493 3595 et
2518 3532 2551 3596 in

761 3631 904 3700 scholiis.
926 3649 1021 3727 apro
1044 3649 1129 3711 con,
1152 3626 1233 3715 siglo
1255 3628 1461 3693 bretostius.
1490 3661 1533 3676 -
1565 3625 1921 3715 interpunctionis
1956 3627 2075 3713 signa
2096 3634 2237 3714 punctum
2258 3630 2356 3714 majos
2379 3635 2411 3694 et
2431 3633 2549 3714 minus3

758 3732 935 3801 semicolon
955 3730 1049 3815 (ιβ)
1070 3728 1230 3815 frequens,
1252 3729 1500 3818 praecipuepost
1522 3728 1662 3817 singulos
1670 3748 1793 3810 versus,
1814 3726 2022 3815 distinguendi
2033 3750 2157 3812 caussa,
2179 3730 2255 3795 utin
2266 3730 2549 3814 Dess.8(nr.14).

714 3826 726 3837 ’
765 3835 896 3924 Signum
916 3834 1068 3919 interrog.
1083 3830 1211 3919 vulgare
1234 3831 1309 3913 (f)
1330 3866 1374 3879 -
1395 3828 1701 3920 orthographia
1721 3850 1855 3895 vocum
1877 3828 1994 3895 saeculi
2014 3828 2087 3898 ΧΠ.
2110 3833 2253 3898 exeuntis
2266 3841 2324 3899 est.
2367 3834 2549 3901 Accosatiri

765 3945 835 4003 tert
851 3934 1064 4003 declinationis
1085 3932 1119 3998 in
1140 3954 1181 3997 es
1205 3953 1337 4021 semper,
1359 3932 1450 3997 inis
1472 3932 1541 3998 lere
1561 3954 1711 4022 nunquam
1733 3933 1944 3997 terminantur.
1967 3954 1986 3997 u
2008 3942 2081 4021 post
2101 3954 2134 4019 v,
2155 3955 2217 4001 non
2240 3957 2258 4000 o
2280 3935 2438 4018 (sultis,
2460 3934 2550 4003 vut-

766 4058 903 4120 canus,
932 4035 1105 4122 vulnus).
1147 4032 1311 4124 Jupiter
1338 4033 1534 4123 plerumque,
1562 4032 1750 4124 Juppiter
1779 4052 1865 4103 raro.
1895 4033 2100 4121 quicquid,
2123 4037 2341 4124 quicquam,
2364 4057 2550 4123 umquam,

765 4159 976 4224 numquam,
999 4158 1168 4224 cumque,
1190 4135 1580 4220 tantundem-milia,
1602 4158 1784 4219 nummus,
1808 4156 1963 4220 succus,
1986 4144 2117 4219 carta,
2141 4145 2278 4224 urget,
2308 4138 2442 4224 angit,
2464 4160 2552 4227 per·

766 4249 936 4306 cunctor
954 4243 1302 4327 (ruropercontor),
1320 4236 1521 4325 jucundus
1543 4236 1914 4327 (jocundusinEpodis),
1937 4239 2067 4320 thura,
2085 4237 2313 4325 sepulcrum
2335 4239 2552 4324 (-chrum

765 4341 902 4423 rarius),
925 4340 1177 4424 nequiquam,
1199 4340 1335 4421 belua,
1359 4340 1534 4422 totiens,
1555 4338 1667 4422 litus,
1696 4339 1846 4404 littora
1868 4348 1899 4405 et
1919 4339 2065 4420 litora,
2086 4336 2222 4423 Affri,
2245 4339 2426 4422 Alfrica,
2449 4340 2552 4408 haud

766 4452 799 4512 et
818 4446 923 4525 haut,
946 4439 1056 4514 relat
1077 4447 1109 4505 et
1129 4439 1257 4523 velud,
1278 4441 1394 4530 Appi,
1417 4439 1467 4524 di,
1489 4440 1565 4524 dis,
1588 4439 1766 4530 etAppll,
1789 4438 1963 4522 Claudii,
1987 4437 2052 4504 dli
2094 4439 2549 4526 Litteracietytemereeon·

726 4555 729 4560 '
765 4544 948 4613 funduntur:
979 4542 1164 4629 hyemps,
1186 4541 1319 4629 tybia,
1343 4539 1544 4629 Tyberis,
1566 4540 1705 4626 Yliou,
1727 4544 1909 4630 yambus,
1939 4539 2082 4628 egyda,
2115 4542 2284 4632 pelyon,
2307 4540 2475 4626 hyrcus,
2498 4545 2549 4609 ci·

766 4647 890 4738 cleps,
914 4643 1111 4735 sisiphus,
1132 4642 1227 4726 lide,
1247 4641 1352 4730 lydo,
1373 4642 1489 4726 licus,
1511 4645 1636 4731 lycus.
1680 4643 1806 4710 Littera
1826 4644 1847 4708 h
1869 4652 1983 4709 tammo
2005 4642 2170 4713 additavel
2192 4643 2318 4725 omissa,
2340 4644 2550 4732 praecipuein

765 4770 846 4816 nom.
874 4769 988 4838 propr:
1010 4747 1201 4834 protheus
1231 4765 1371 4834 semper,
1391 4744 1539 4811 nothus
1566 4768 1623 4834 pro
1653 4755 1792 4828 notus,
1822 4746 1921 4827 hora
1948 4765 2005 4833 pro
2027 4767 2115 4827 ora,
2137 4745 2313 4809 horchus
2335 4767 2392 4833 pro
2415 4766 2547 4829 orcus,

702 4926 706 4933 ‚
767 4851 908 4932 honus,
929 4847 1064 4931 holus,
1093 4846 1296 4931 habunde,
1323 4847 1466 4929 archa,
1496 4849 1691 4938 archana,
1714 4847 1925 4929 cohercet,
1948 4847 2082 4928 michi,
2104 4845 2232 4911 nichil
2253 4850 2419 4935 (semper),
2442 4855 2549 4939 onuba

767 4960 934 5016 actenus
965 4970 1022 5038 pro
1050 4949 1256 5015 hactenus.
1281 4950 1295 5036 j
1318 4948 1422 5014 littera
1451 4957 1521 5016 ante
1543 4951 1554 5014 i
1575 4954 1749 5042 pleramque
1780 4949 1898 5034 ejecta,
1929 4948 2152 5029 obiciebat,
2180 4949 2338 5030 iniciat,
2373 4948 2550 5024 deicere,

712 5134 718 5142 ἱ
766 5051 964 5143 proicere.
994 5057 1102 5118 contra
1128 5070 1148 5138 p
1171 5051 1252 5114 inter
1279 5072 1356 5135 mn,
1386 5073 1461 5134 ms,
1490 5064 1539 5116 mt
1558 5053 1733 5141 plerumque
1754 5049 1901 5115 insertum
1925 5072 1933 5113 t
1955 5056 2118 5136 tempno,
2141 5049 2354 5137 dampnum,
2376 5049 2551 5137 hyemps,

767 5164 931 5242 enptor,
955 5148 1143 5239 sumptui.
1184 5149 1440 5217 Litteramante
1463 5153 1493 5237 b,
1508 5177 1540 5244 p,
1562 5176 1603 5236 m,
1625 5175 1658 5234 n,
1680 5151 1902 5225 innmutatur:
1925 5151 2096 5233 menbra,
2119 5151 2339 5235 menbrana,
2362 5150 2553 5234 rhonbus,

766 5256 908 5322 lonbos
936 5257 1008 5342 (pro
1031 5251 1163 5334 lumbos)
1185 5252 1320 5340 inpar,
1342 5253 1556 5341 inperium,
1577 5256 1751 5345 inpetus,
1773 5254 2029 5342 inportunas,
2051 5252 2218 5341 inpelle,
2239 5251 2448 5342 inpudens,
2472 5252 2551 5316 sin-
