5725 6392
1399 694 1449 770 1³2

532 919 603 964 esse
632 895 771 964 debehat
821 895 1011 986 Scriptorum
1040 895 1118 960 llor.
1149 894 1301 981 antiquior
1331 894 1406 960 ordo
1447 902 1607 959 serratus:
1645 886 1867 961 carminum
1895 893 2073 964 liert-W.
2100 894 2179 959 Ars
2208 904 2316 982 poet.

416 988 421 993 ⁵
529 997 692 1088 Epod'on
718 999 784 1065 liu
806 997 930 1064 Carnu.
961 1019 1064 1062 saec.
1085 995 1360 1085 Epistularum
1387 996 1487 1060 libri
1507 993 1558 1060 ll.
1582 993 1810 1062 Sermonum
1831 998 1929 1062 llhri
1950 996 1992 1063 Il.
2013 1030 2057 1045 -
2078 992 2138 1060 llic
2160 993 2261 1060 codex
2280 997 2317 1060 in

529 1102 704 1166 membrana
732 1102 890 1165 maximam
919 1106 1036 1186 partem
1067 1099 1144 1162 satis
1174 1098 1242 1162 alba
1273 1118 1309 1162 ac
1336 1096 1421 1160 tenui
1450 1102 1481 1160 et
1507 1097 1656 1183 utrimque
1684 1097 1857 1184 laevigata,
1885 1099 2002 1187 passim
2024 1097 2180 1161 crassiore
2202 1103 2233 1160 et
2254 1117 2315 1161 usn

529 1201 621 1267 multo
651 1202 807 1286 inquinata
836 1198 989 1287 scriptus,
1019 1199 1103 1264 foliis
1133 1200 1271 1265 omnihus
1302 1198 1370 1262 lere
1386 1197 1581 1283 aequalibus,
1605 1199 1785 1287 scripturam
1807 1199 1916 1285 ubique
1939 1198 2105 1286 aequalem,
2126 1204 2314 1280 accuratum,

528 1300 652 1366 nitidam
674 1309 706 1364 et
722 1300 811 1364 valde
832 1299 1020 1365 emendatam
1041 1322 1116 1388 prae
1139 1322 1175 1366 se
1197 1302 1270 1383 lert,
1293 1320 1369 1385 quae
1392 1297 1510 1364 doctam
1531 1321 1650 1365 manum
1671 1299 1763 1364 facile
1782 1299 1904 1388 prodat.
1948 1300 2035 1366 Tota
2056 1299 2171 1364 codicis
2189 1297 2313 1364 indoles

529 1400 718 1489 splendidior
740 1408 806 1484 est,
834 1400 989 1467 latissimo.
1006 1423 1049 1466 ex
1070 1403 1151 1467 omni
1171 1409 1259 1491 parte
1281 1402 1432 1488 margine,
1454 1401 1596 1466 versibus
1619 1402 1720 1466 laxius
1744 1402 1868 1489 scriptis
1890 1403 1923 1477 iu
1944 1402 2080 1488 singulis
2101 1402 2224 1489 paginis
2246 1421 2314 1465 om·

521 1497 617 1567 ¹nihus
641 1503 757 1567 vicenis
781 1503 897 1585 ternis,
926 1506 960 1567 ult
980 1510 1012 1566 et
1032 1503 1151 1590 glossis
1173 1505 1255 1569 inter
1275 1503 1375 1568 lineus
1398 1509 1430 1567 et
1451 1502 1581 1568 scholiis
1600 1501 1648 1566 'ad
1676 1504 1845 1589 marginem
1873 1523 1930 1568 sua
1960 1504 2061 1590 spatia
2089 1509 2205 1567 essent.
2248 1499 2316 1566 Co·

528 1604 645 1668 lumnae
679 1625 822 1669 versuum
854 1605 964 1691 uhique
1000 1605 1175 1693 simplices,
1209 1613 1241 1669 et
1261 1605 1293 1669 in
1314 1603 1462 1692 Lyricis,
1496 1605 1529 1670 iu
1556 1606 1665 1691 quihus
1697 1604 1786 1670 modo
1808 1603 1949 1669 Adonins
1983 1602 2137 1692 Sapphico
2169 1603 2315 1690 proximo

528 1704 714 1793 adjungitur.
757 1704 878 1773 Versus
901 1706 1103 1770 interlineas
1127 1706 1197 1770 stilo
1230 1707 1401 1795 impres’sas
1424 1707 1544 1794 scripti,
1567 1726 1644 1791 qnae
1667 1707 1746 1771 binis
1770 1708 1915 1792 utrimque
1937 1705 2027 1770 lineis
2045 1703 2315 1792 perpendiculari·

528 1808 604 1888 hus,
626 1807 707 1870 intra
729 1828 805 1892 quas
825 1809 947 1874 litterae
969 1829 1111 1891 uersuum
1133 1807 1267 1873 initiales
1288 1810 1408 1897 pictae,
1430 1808 1629 1872 terminantur
1651 1816 1684 1872 et
1705 1809 1859 1894 stigmatis
1880 1809 1913 1871 in
1935 1815 2072 1871 extremo
2093 1807 2234 1892 margine
2254 1817 2317 1871 no-

528 1913 639 1971 tantur.
684 1906 797 1973 Ultima
825 1929 942 1994 qnoque
972 1910 1121 1996 marginis
1151 1930 1208 1973 ora
1235 1909 1317 1975 linea
1345 1931 1387 1975 ox
1415 1910 1498 1974 omni
1524 1917 1612 1997 parte
1641 1908 1731 1974 ductu
1758 1906 1941 1991 includitur,
1971 1916 2066 1997 puto,
2096 1898 2155 1994 quo
2177 1907 2318 1995 paginae

528 2006 671 2093 aequales
695 2011 894 2073 exsisterent
937 2008 1148 2074 Atramentum
1169 2010 1288 2076 fuscum
1309 2018 1438 2101 propter
1458 2018 1639 2076 vetustatem
1652 2011 1827 2099 plerumque
1847 2009 2000 2097 pallidius.
2022 2009 2165 2073 Litterae
2175 2008 2316 2073 initiales

526 2130 669 2174 sumnum
691 2110 949 2197 simplicissimae,
973 2109 1150 2198 eclogarum
1171 2112 1305 2178 initiales
1327 2114 1462 2198 majores
1485 2113 1601 2200 passim
1616 2113 1749 2199 nigrae,
1771 2111 1873 2175 rarius
1895 2111 1989 2175 minio
2002 2111 2115 2199 pictae,
2137 2109 2314 2198 plerumque

527 2211 673 2280 omissae.
697 2247 740 2263 -·
762 2210 920 2277 Titulis
944 2213 1071 2299 eclogae
1095 2214 1218 2279 omnino
1241 2226 1359 2296 carent,
1382 2212 1462 2299 quod
1482 2214 1581 2300 ipsum
1604 2220 1653 2277 est
1676 2214 1796 2298 signum
1818 2212 1934 2301 probae
1957 2220 1989 2275 et
2009 2213 2150 2276 sincerae
2172 2219 2313 2276 vetusta·

467 2357 472 2370 .
527 2311 578 2376 tis.
601 2346 642 2359 ·-·
666 2311 830 2378 Scholia
851 2335 908 2401 per
930 2322 1025 2379 totum
1045 2314 1154 2379 librum
1176 2316 1209 2379 in
1230 2316 1369 2402 margine
1393 2322 1425 2379 et
1446 2315 1602 2379 exteriore
1625 2320 1657 2378 et
1677 2314 1825 2378 interiore
1837 2312 1997 2400 permulta,
2019 2313 2179 2377 maximam
2193 2319 2311 2400 partem

527 2433 575 2477 ex.
590 2412 727 2477 Acronis
750 2422 782 2478 et
802 2414 1030 2503 Porphyrionis
1054 2418 1279 2482 commentariis
1302 2422 1461 2503 excerpta,
1482 2416 1527 2481 ita
1548 2423 1667 2497 mmen,
1689 2422 1723 2478 nt
1743 2414 1888 2478 nonnulla
1908 2415 1998 2479 etiam
2019 2414 2145 2502 propria
2167 2413 2313 2497 afferant,

527 2534 605 2599 quae
626 2536 685 2579 nec
707 2514 787 2603 apud
807 2517 878 2581 illos
901 2539 959 2582 nec
980 2519 1013 2581 in
1029 2515 1157 2603 Cruquii
1180 2518 1307 2582 scholiis
1329 2517 1483 2603 leguntur.
1530 2515 1687 2594 Quaedam
1707 2513 1780 2580 inde
1802 2522 1950 2602 excerpta
1969 2515 2003 2580 in
2018 2512 2136 2581 Comm.
2158 2514 2200 2578 11.
2224 2514 2309 2580 dabi-

525 2636 602 2680 mus.
644 2614 747 2680 Etiam
775 2618 923 2680 vocabula
946 2615 1067 2680 Graeca
1097 2618 1209 2683 litteris
1237 2618 1403 2701 majoribus
1432 2616 1608 2678 ‘rectissime
1630 2616 1747 2702 scripta
1767 2615 1800 2680 in
1823 2614 1952 2680 scholiis
1974 2623 2133 2704 apparent,
2156 2624 2189 2680 nt
2209 2615 2311 2705 llpod.

524 2713 944 2797 t,.oo.11APlcTOP1A.
967 2716 1093 2781 Passim
1125 2718 1282 2781 recentior
1310 2736 1417 2779 manus
1441 2713 1586 2800 quaedam
1608 2715 1766 2803 appinxit,
1785 2714 1845 2779 scd
1866 2716 1978 2781 rarius.
2021 2715 2186 2780 Permultis
2209 2725 2312 2783 antem

524 2815 602 2880 lucis
624 2815 702 2880 haec
723 2816 841 2880 scholia
862 2838 920 2881 usu
943 2825 974 2880 et
994 2824 1147 2882 vetustate
1169 2819 1214 2881 ita
1235 2818 1377 2881 abstersa
1399 2823 1430 2880 et
1442 2814 1553 2879 detrita
1564 2824 1646 2898 sunt,
1668 2815 1847 2903 ntlegijam
1859 2818 2062 2903 nonpossint
2077 2856 2116 2866 -
2137 2815 2311 2884 Glossae

523 2937 584 3004 per.
610 2937 716 2981 omnes
744 2919 877 3006 paginus
904 2918 938 2982 in
967 2920 1095 2984 vocibus
1125 2919 1257 3005 singulis
1287 2917 1515 3004 superscriptae
1542 2939 1606 2983 >una
1637 2939 1706 2985 cuns
1725 2917 1854 2981 scholiis
1877 2916 2002 2981 eandem
2025 2917 2115 3005 plane
2137 2919 2311 3006 scripturae

525 3017 657 3084 indolem
686 3025 875 3105 aetatemque
905 3026 994 3105 atqum
1023 3021 1086 3106 ipsi
1117 3040 1228 3083 versus
1242 3016 1401 3106 produnt,
1424 3017 1532 3082 eodem
1545 3039 1673 3102 ,quoque
1696 3025 1864 3083 aucmento
1887 3018 2034 3104 scriptae,
2056 3025 2089 3082 ut
2111 3019 2147 3083 ah
2169 3040 2230 3085 uuo
2255 3042 2311 3086 eo·

525 3118 652 3205 demque
674 3121 777 3185 scriba
798 3141 856 3208 per
877 3126 976 3183 totum.
994 3119 1130 3185 codicem
1152 3120 1294 3183 versibus
1317 3118 1438 3214 additae
1462 3124 1547 3183 essu'
1561 3116 1731 3185 videantur.
1754 3155 1797 3171 ·-
2088 3128 2090 3132 “

503 3262 510 3271 -
540 3261 542 3267 ·
609 3219 711 3305 Hujus
734 3221 849 3309 codicis
871 3243 938 3286 cum
961 3223 1218 3308 totascripturae
1239 3218 1375 3301 indoles,
1398 3227 1460 3282 tum
1485 3219 1600 3304 singuli
1619 3219 1790 3285 litterarum
1811 3220 1931 3303 ductus,
1954 3223 2133 3309 compendia
2155 3225 2311 3290 scribendi

524 3330 557 3389 et
587 3321 843 3411 diphthongorum
872 3344 948 3387 usus
977 3324 1124 3406 frequens
1148 3320 1350 3386 saeculum
1380 3318 1562 3383 decimum
1595 3321 1772 3385 certissime
1800 3320 1945 3387 indicant.
1990 3322 2151 3410 Scriptura
2179 3326 2313 3391 rotunda

524 3425 624 3510 magis
656 3441 753 3510 quam·
771 3425 941 3511 angulosa,
970 3443 1029 3487 nec
1057 3411 1302 3508 Lengehardica
1330 3428 1396 3503 est,
1426 3427 1459 3484 nt
1485 3419 1564 3508 apud
1587 3417 1717 3486 lanium
1731 3422 1860 3509 legitur,
1886 3422 1943 3487 sed
1964 3435 2050 3489 recta
2070 3422 2211 3490 Romana
2232 3448 2312 3512 quae

524 3524 651 3611 proprie
673 3524 792 3588 dicitur.
835 3525 980 3588 Litterae
1000 3523 1164 3610 longiores
1187 3523 1210 3585 s.
1233 3522 1256 3586 f.
1278 3545 1305 3588 r.
1328 3531 1476 3610 utsupra
1499 3529 1531 3586 et
1549 3522 1634 3587 inire
1653 3523 1765 3593 lineam
1786 3524 1936 3613 paululum
1947 3525 2124 3612 productae,
2147 3548 2310 3610 quaecun-

520 3623 653 3704 “suetudu
682 3625 741 3688 fuit
761 3620 845 3689 illius
868 3625 1012 3688 astutis.··
1036 3624 1233 3712 Diphthongi
1262 3631 1361 3688 acet
1389 3644 1435 3687 oe
1450 3644 1524 3688 -cum
1547 3623 1628 3711 siglo
1651 3645 1680 3690 ae
1701 3625 2216 3712 frequentissimae,·antiquissimo
2239 3651 2311 3714 usn,

524 3727 575 3812 qni
595 3725 749 3815 paullatim
771 3725 890 3790 demum
911 3727 943 3790 in
965 3750 987 3825 p
1009 3731 1042 3790 et
1062 3747 1079 3789 e
1102 3725 1236 3790 hansiit.
1258 3726 1416 3812 ilongum
1438 3725 1567 3810 ulique,
1599 3746 1614 3789 s
1636 3724 1727 3790 finale
1748 3746 1907 3810 nusquam,
1929 3724 2010 3811 quod
2031 3747 2116 3791 mec.
2140 3728 2197 3794 Xl.
2222 3751 2312 3796 usur·

522 3829 591 3916 pari
611 3831 728 3917 coepit
751 3834 762 3892 1
779 3849 890 3917 purum
912 3848 1034 3914 semper
1056 3831 1136 3907 (nou
1158 3822 1172 3891 l
1193 3826 1244 3891 vel
1263 3827 1290 3905 i)
1313 3847 1333 3891 u
1354 3827 1476 3912 ubique,
1497 3847 1560 3892 non
1580 3847 1618 3906 νς
1639 3827 1787 3912 ruhique,
1809 3847 1872 3891 non
1892 3844 1919 3906 t;
1943 3826 2095 3913 duhique,
2110 3829 2309 3917 non·d(quod

523 3928 596 3995 licet
621 3931 657 3994 in
690 3931 842 4019 scriptura
865 3927 1023 3996 Saxonica
1051 3929 1138 4017 prius
1165 3928 1408 4014 frequentatum,
1441 3928 1474 3991 in
1494 3927 1663 3992 minuscula
1680 3926 1826 3993 Romam
1846 3948 1930 3994 saec.
1951 3927 2009 3994 Xl.
2033 3929 2150 3995 demum
2169 3932 2201 3994 in
2224 3954 2311 3998 usum

524 4030 634 4109 veuit).
658 4028 690 4093 dc
712 4032 825 4120 siglum
854 4033 887 4098 in
909 4052 1017 4097 vocum
1038 4031 1147 4114 initio,
1176 4029 1295 4112 medio,
1317 4028 1385 4094 ¹line
1408 4031 1461 4111 (ut
1482 4026 1600 4112 duram,
1636 4027 1728 4118 pdco,
1765 4027 1861 4115 atde),
1886 4041 1958 4096 est
1992 4029 2043 4095 vel
2062 4033 2097 4099 ἶ.
2124 4030 2312 4120 plerumque,

525 4133 593 4210 (-'.-
616 4141 671 4199 '‘w-
685 4152 743 4217 pro
773 4141 849 4216 est,
870 4133 988 4216 rarius)
1011 4154 1083 4199 con
1107 4131 1156 4211 vel
1176 4135 1193 4201 e
1213 4133 1328 4214 (com),
1343 4138 1498 4216 'nusquam
1519 4129 1598 4197 uvel
1618 4135 1657 4195 9:
1685 4128 1713 4218 p
1745 4130 1814 4215 (ha)
1835 4142 1879 4209 m,
1900 4131 1995 4214 (ma):
2030 4131 2106 4195 haec
2128 4135 2230 4199 omnia
2244 4157 2313 4201 sac·

438 4306 443 4322 „
525 4229 586 4294 culi
607 4228 717 4294 decimi
739 4253 826 4297 usum
847 4235 1056 4323 incorruptum
1079 4233 1247 4299 declarant.
1296 4231 1736 4323 Litteraemajores‘passim
1759 4235 1791 4297 iu
1811 4230 1912 4297 medio
1935 4251 2050 4310 uersu,
2067 4231 2150 4298 adeo
2178 4237 2312 4322 singulis

476 4378 479 4383 -
524 4332 652 4397 vocibus
679 4330 833 4396 immixtae
848 4348 998 4423 apparent
1018 4339 1068 4406 (ut
1088 4333 1105 4417 l
1127 4333 1194 4398 Sat
1215 4339 1248 4400 4.
1271 4335 1344 4400 1⁰⁶.
1368 4331 1561 4426 Uttugcrem
1575 4334 1734 4422 Exemplis
1756 4366 1797 4382 ·-
1817 4330 1844 4396 1.
1866 4331 1969 4421 Epa
1981 4382 1991 4417 ,
2012 4337 2065 4401 52.
2088 4335 2234 4424 phrltee13
2256 4340 2311 4409 42.

525 4434 656 4499 heuhae.
680 4468 719 4481 -
742 4431 1101 4522 luterpunctionis
1123 4434 1215 4521 signa
1236 4444 1323 4500 sunt:
1346 4443 1513 4523 punctum,
1529 4435 1621 4499 colon
1642 4433 1722 4520 (st)
1745 4433 1910 4500 semicolon
1934 4436 1988 4518 (ς).
2003 4436 2215 4521 intcrrogandi
2243 4439 2310 4523 sig·

524 4556 595 4600 num
613 4534 701 4617 (e).
714 4541 854 4622 punctum
875 4535 974 4600 miuus
997 4536 1051 4618 (·)
1072 4555 1129 4622 pro
1153 4546 1309 4603 commate.
1330 4533 1374 4587 -‘-
1389 4536 1701 4625 ·0rthugraphia
1716 4556 1857 4602 ,vocum
1875 4538 2006 4624 audqua
2021 4544 2058 4602 et
2072 4545 2158 4611 rssecta
2178 4535 2310 4624 plerum·

524 4644 592 4723 qne'.
636 4635 804 4700 Scrihitur:
826 4633 847 4700 J
857 4635 1031 4724 uppiter,
1053 4634 1269 4702 Maecenas
1293 4644 1380 4720 (raro
1401 4637 1609 4718 Mecenas)
1632 4658 1773 4720 caena,
1795 4639 2137 4721 caelumhucres,
2158 4638 2310 4724 (heres)

525 4737 700 4819 caelebs,
723 4745 890 4804 caetera
911 4738 1100 4821 (cetera),
1123 4738 1339 4821 obscenus,
1360 4738 1517 4822 loetum,
1539 4738 1710 4822 Buchus,
1733 4738 1900 4828 Apulus,
1922 4738 2309 4825 milimhuca,helua,

524 4837 655 4926 pelex,
674 4860 808 4922 sucus,
831 4848 957 4923 artus,
978 4838 1079 4906 litus
1101 4837 1255 4922 (littora),
1278 4839 1477 4955 quicqpid,
1499 4839 1982 4928 quicquam,‹nequiquam,
2004 4861 2189 4925 umquam,
2210 4865 2309 4909 num·

526 4958 645 5024 quam,
679 4961 849 5027 cumque,
872 4949 1074 5026 quattuor,
1096 4948 1332 5030 percontor,
1356 4940 1622 5029 sepulchrum3
1646 4942 1798 5026 vultus,
1821 4941 1966 5028 vulgus
1997 4942 2166 5027 (voltus,
2189 4944 2308 5030 volgo

523 5038 644 5120 rarius)
666 5058 811 5125 urgere
840 5042 1033 5128 (urguere
1062 5043 1198 5125 rarius);
1220 5042 1323 5106 littera
1343 5064 1362 5128 p
1384 5043 1467 5105 inter
1486 5063 1560 5124 mn,
1582 5062 1654 5125 ms,
1676 5052 1742 5126 mt,
1771 5043 1945 5130 plerumque
1965 5043 2085 5110 inserta
2113 5043 2309 5132 (dampno,

524 5141 697 5228 hiemps,
720 5147 928 5229 sumptus);
950 5140 1118 5208 literaein
1132 5144 1309 5229 compositis
1320 5141 1495 5230 plerumque
1510 5162 1573 5208 non
1586 5144 1763 5211 coalescunt
1784 5144 1954 5232 (inpune,
1974 5145 2199 5228 inmiscere,
2222 5147 2309 5210 suh·

524 5241 678 5332 posuit,
714 5242 961 5326 conlaudem)
982 5242 1008 5308 ii
1033 5242 1103 5311 lere
1125 5249 1299 5310 contractus
1321 5239 1484 5328 (obicit,
1506 5243 1646 5329 inicit,
1682 5244 1827 5329 deicit,
1853 5244 1969 5326 Bais)
1996 5247 2009 5312 i
2030 5254 2063 5312 et
2082 5267 2122 5333 y,
2151 5232 2222 5311 cet
2241 5257 2254 5311 t
2274 5249 2307 5312 in
