5725 6392
1198 764 1249 837 33

330 964 442 1031 nenos
470 963 584 1054 ligneis
614 966 754 1054 (quorum
780 964 937 1055 posterius
967 963 1078 1031 annulo
1107 964 1213 1031 ferreo
1243 965 1381 1032 fortasse
1408 964 1448 1030 ad
1475 965 1584 1031 librum
1606 965 1789 1054 alligandum
1810 967 2003 1048 instructum)
2027 965 2115 1034 corio

331 1065 460 1132 sordido
483 1070 572 1135 tectis
596 1091 615 1133 a
635 1070 848 1155 vermibusque
872 1067 997 1151 exesis,
1019 1066 1170 1133 uolumine
1197 1066 1344 1133 mediocri
1372 1076 1497 1157 praeter
1519 1067 1580 1133 alia
1601 1069 1689 1157 plura
1718 1069 1751 1134 iu
1773 1072 1816 1133 22
1837 1069 1923 1134 toliis
1950 1068 2117 1139 Horatii

331 1165 545 1258 Epistulas
576 1173 714 1236 continet
742 1192 838 1257 usque
863 1170 901 1234 ad
921 1169 1023 1259 Epist.
1045 1169 1090 1253 ll,
1113 1172 1145 1254 2,
1167 1191 1197 1236 r.
1220 1173 1294 1236 108.
1316 1172 1349 1236 iu
1371 1170 1544 1236 membrana
1566 1171 1656 1236 valde
1678 1171 1752 1235 trita
1773 1175 1806 1234 et
1826 1169 1954 1236 sordida
1976 1171 2117 1258 sordide,

331 1278 465 1357 auguste
493 1279 525 1337 et
552 1273 754 1359 inaequaliter
783 1273 927 1361 scriptas.
980 1271 1130 1360 Singulae
1151 1274 1285 1362 paginae
1307 1274 1473 1362 imparibus
1496 1274 1631 1338 numeris
1656 1273 1824 1361 spatiisque
1854 1271 1945 1336 modo
1975 1267 2141 1362 angusti-⁵

332 1371 438 1438 oribus
466 1373 556 1439 modo
585 1374 755 1440 laxioribus
777 1377 928 1441 Sti-86
942 1394 1059 1440 versus
1090 1376 1247 1442 continent
1279 1377 1412 1465 scriptos
1434 1376 1636 1442 interlineas
1660 1375 1731 1440 stilo
1755 1375 1862 1440 ductas
1883 1374 2025 1460 binisque
2045 1397 2118 1465 per·

329 1471 576 1562 pendicularibus
599 1478 745 1564 utrimque
766 1478 915 1547 inclusas.
959 1477 1104 1544 Litterae
1125 1478 1302 1566 eclogarum
1323 1478 1458 1544 initiales
1482 1476 1574 1543 viridi
1596 1477 1701 1542 colora
1723 1478 1825 1565 pictae
1836 1476 1989 1563 minioque
2000 1479 2119 1566 passim

328 1584 518 1661 exornatae,
547 1599 689 1644 versuum
717 1580 850 1646 initiales
874 1602 893 1646 a
913 1586 1000 1645 textu
1029 1580 1211 1667 aliquantum
1241 1588 1375 1646 semotae
1404 1579 1511 1646 eodem
1538 1575 1639 1645 viridi
1663 1580 1819 1668 pigmento
1849 1600 1954 1644 omnes
1982 1586 2123 1651 notatum
2157 1623 2160 1626 ,

326 1674 471 1762 Paginae
492 1680 613 1767 priores
636 1681 753 1765 glossis
775 1683 858 1749 inter
879 1682 979 1748 lineas
1001 1692 1033 1748 et
1054 1683 1182 1749 scholiis
1212 1685 1309 1748 variis
1339 1684 1477 1749 manibus
1500 1683 1712 1769 aetatibusque
1732 1683 1819 1747 varie
1843 1682 1967 1769 scriptis
1990 1683 2125 1768 obrutae.

329 1779 505 1869 inspicienti
529 1782 689 1849 horrorem
711 1805 810 1873 paene
833 1792 965 1851 movent.
1031 1784 1068 1850 ln
1090 1787 1315 1875 posterioribus
1339 1787 1376 1852 ab
1398 1783 1459 1875 Ep.
1484 1786 1537 1850 lb.
1561 1785 1680 1850 scholia
1703 1791 1734 1848 et
1754 1784 1883 1872 glossae
1904 1785 1973 1848 lere
1996 1777 2124 1869 desum,

329 1896 543 1970 praeterquam
571 1883 611 1949 ad
638 1894 755 1974 purtem
777 1886 836 1976 Ep.
858 1887 902 1972 ll,
924 1890 956 1953 2.
978 1888 1010 1953 in
1032 1891 1119 1976 cujus
1142 1889 1282 1977 margine
1303 1888 1453 1954 Horatius
1473 1889 1543 1978 ipse
1565 1886 1635 1953 rudi
1655 1887 1774 1976 pictura
1794 1885 1915 1950 ridetm
1936 1890 2121 1975 expressus.

330 1974 432 2050 Tituli
447 1986 483 2050 ab
506 1984 607 2074 Epist.
631 1991 664 2053 o.
687 1987 795 2054 eodem
817 1989 908 2054 viridi
929 1991 1085 2080 pigmento
1109 1990 1147 2057 ad
1169 1993 1337 2080 marginem
1367 1991 1525 2081 adscripti.
1568 1989 1780 2054 Atramentum
1801 1989 1835 2055 in
1856 1989 2011 2078 prioribus
2033 1989 2120 2055 soliis

327 2105 347 2150 e
370 2086 463 2151 rubro
486 2088 619 2176 nigrum,
637 2097 715 2178 post
735 2091 887 2179 pallidius.
932 2093 1094 2182 Scriptura
1115 2095 1241 2177 minuta,
1264 2094 1446 2181 inaequalis,
1467 2114 1574 2182 parum
1596 2098 1750 2174 accurata,
1774 2089 1864 2178 siglis
1888 2089 2120 2180 etcompendiis

328 2186 484 2253 enitendi
507 2190 615 2255 obruta
636 2191 765 2279 ideoque
788 2194 868 2260 lectu
891 2194 1048 2280 difficilis,
1082 2194 1215 2263 Gothico
1237 2203 1297 2279 est,
1321 2195 1377 2263 sed
1399 2195 1592 2286 posterioris·
1608 2194 1730 2258 aetatis.
1773 2191 1918 2257 Litterae
1939 2193 1968 2259 b.
1991 2192 2023 2257 b.
2045 2193 2066 2260 l.
2088 2213 2120 2282 p.

327 2307 358 2376 q.
381 2288 405 2355 i.
427 2290 477 2354 rel
498 2291 651 2359 intraret
673 2316 768 2382 supra
796 2295 907 2361 bneam
935 2296 1110 2385 plerumque
1137 2298 1261 2385 longius
1283 2296 1469 2385 productae,
1498 2296 1662 2385 praecipuo
1683 2294 1751 2357 sin
1772 2293 1833 2357 fine
1854 2314 1974 2377 vocum,
1997 2302 2030 2359 ut
2051 2295 2121 2362 iere

329 2387 354 2456 S
378 2393 476 2478 majus
506 2395 635 2459 reserat
659 2395 680 2458 d
700 2396 896 2482 plerumque,
924 2394 944 2459 d
965 2396 1086 2476 rarius,
1114 2417 1133 2459 r
1154 2406 1187 2460 et
1207 2416 1217 2462 a
1238 2399 1423 2484 promiscue.
1451 2418 1474 2484 g
1496 2396 1614 2459 ductum
1643 2395 1828 2482 posterioris
1861 2397 1971 2459 aetatis
1995 2417 2014 2459 a
2036 2417 2123 2465 saec.

328 2490 420 2558 Xlll.
443 2502 581 2560 extremo
604 2496 697 2559 habet
714 2495 785 2559 'etln
807 2517 910 2560 arcum
933 2517 1019 2561 suum
1041 2495 1125 2560 iufra
1144 2497 1256 2561 lineam
1278 2496 1444 2585 protendit.
1467 2494 1589 2562 stinale
1611 2495 1770 2581 frequens,
1792 2516 1812 2559 r
1834 2516 1890 2584 pro
1913 2517 1932 2560 u
1952 2492 2042 2562 initio
2065 2518 2122 2563 vo·

328 2615 408 2678 a,
432 2616 450 2659 e
471 2617 528 2683 pro
552 2618 589 2661 aa
613 2618 734 2684 semper
755 2595 974 2679 (Mecenas,
997 2599 1171 2678 camene)
1193 2599 1325 2684 ipurom
1346 2599 1473 2682 ubique,
1492 2596 1548 2661 sed
1571 2596 1596 2660 li
1616 2597 1733 2684 passim
1754 2595 1945 2681 (studiis).
1968 2597 1987 2664 7
2010 2619 2066 2686 pro
2084 2606 2124 2664 et

325 2697 448 2784 abique,
471 2698 505 2761 in
525 2697 603 2785 ipsis
625 2699 753 2763 vocibus
783 2696 877 2781 (lati)
901 2712 950 2768 ‘tv
970 2719 1028 2786 pro
1053 2705 1120 2780 est,
1142 2704 1165 2763 ⁹
1185 2720 1242 2787 pro
1265 2718 1348 2781 con,
1372 2698 1485 2787 ltpro
1508 2720 1587 2764 rum
1609 2705 1667 2763 etc
1709 2697 1854 2764 Litterae
1877 2699 2123 2785 majoresmino·

326 2798 415 2865 ribus
443 2800 561 2889 passim
591 2799 758 2882 immixtae,
779 2799 816 2864 M
838 2801 1003 2890 praecipue
1032 2808 1065 2865 et
1083 2799 1115 2866 R
1136 2799 1321 2890 (inspaR);
1343 2801 1462 2866 numeri
1485 2801 1586 2889 signis
1609 2799 1760 2866 interdum
1782 2802 1928 2890 expressi
1949 2805 2051 2885 (l‚·'¹⁸·
2075 2801 2121 2870 Si

327 2899 649 2989 quadringentis
671 2900 728 2971 vl.
750 2899 822 2970 vll.
843 2902 952 2967 milia
973 2901 1142 2986 desunt).
1184 2902 1221 2967 ln
1243 2902 1492 2968 distinctionibus
1513 2910 1639 2992 praeter
1659 2910 1800 2993 punctum
1822 2904 1920 2988 majus
1937 2905 2125 2970 etminuset

327 3002 474 3091 usitatum
494 3002 712 3092 interrogandi
734 3005 855 3092 signum
877 3005 990 3070 lineola
1010 3004 1274 3095 perpendicularis
1296 3006 1328 3070 in
1344 3004 1444 3072 medio
1458 3004 1561 3070 etline
1573 3025 1784 3093 versuumpro
1797 3012 1944 3069 commate
1956 3012 2123 3094 usurpatur

327 3103 438 3193 (quid
461 3117 620 3195 paupert
644 3105 1087 3189 ridepmutatcenaculat
1103 3107 1266 3185 lostost).
1309 3105 2122 3194 Ortbograpbiainplerisqueantiquioremcou-

330 3207 520 3274 suetudinem
533 3217 648 3276 servat.
672 3231 692 3298 p
714 3210 867 3293 intermn,
889 3229 949 3292 ms,
971 3216 1014 3273 mt
1035 3209 1144 3296 ubique
1166 3209 1324 3273 insertum.
1367 3207 1482 3273 Lectio
1494 3206 1585 3292 hujus
1598 3207 1715 3270 codicis
1729 3207 1836 3272 alibro
1849 3210 1926 3272 sutis
1938 3209 2019 3274 bono
2031 3207 2124 3277 ducta

329 3319 461 3402 propter
479 3309 599 3377 librarii
620 3310 768 3375 incuriam
779 3311 946 3376 innumeris
969 3311 1053 3376 uitiis
1076 3310 1208 3393 laborat,
1230 3309 1360 3375 vocibus
1382 3309 1433 3373 vel
1444 3309 1570 3374 omissis
1585 3307 1635 3373 vel
1650 3308 1851 3397 transpositis
1863 3309 1914 3372 vel
1925 3308 2123 3397 depravatis3

327 3413 425 3480 multa
451 3418 552 3478 tamen
579 3413 689 3503 partim
719 3413 755 3476 ab
786 3412 910 3495 eadem,
939 3414 1049 3501 partim
1077 3413 1116 3477 ab
1139 3411 1237 3477 altera
1257 3433 1346 3476 manu
1367 3409 1477 3475 menda
1509 3417 1660 3489 correcta,
1681 3430 1744 3475 uon
1765 3431 1838 3475 raro
1862 3411 1953 3474 etiam
1975 3410 2056 3478 aliae
2075 3411 2124 3479 le·

331 3514 453 3580 ctioues
476 3514 662 3605 adscriptae.
707 3512 772 3581 Th.
803 3512 1030 3580 Schmidius
1052 3521 1162 3580 noster
1184 3512 1204 3580 l.
1227 3535 1255 3579 c.
1277 3511 1488 3602 Epistolarum
1509 3511 1658 3578 lectiones
1682 3534 1722 3578 ex
1743 3513 1803 3577 boc
1826 3511 1932 3578 codice
1954 3521 2123 3605 excerptas

330 3616 484 3704 vulgavit3
507 3617 562 3683 sed
584 3616 790 3681 racematione
813 3624 913 3682 tamen
935 3638 1012 3706 opus
1035 3624 1096 3699 est,
1118 3637 1206 3703 quam
1228 3636 1268 3680 ex
1290 3634 1339 3702 gr.
1362 3615 1401 3680 ad
1423 3614 1449 3681 1.
1471 3613 1531 3705 Ep.
1554 3619 1584 3680 1.
1605 3615 1655 3680 bie
1676 3615 1881 3682 instituemus.
1903 3619 1981 3684 ao.
2004 3638 2124 3684 exor-

330 3726 401 3785 net
420 3716 494 3803 (sed
515 3742 537 3784 n
558 3717 707 3800 deletum)
728 3722 759 3783 9.
783 3727 891 3808 peccet
911 3720 951 3784 in
973 3726 1151 3784 extremum.
1174 3716 1247 3801 <sed
1268 3715 1315 3782 ad
1336 3719 1507 3805 superscr.)
1528 3719 1581 3783 82.
1604 3723 1654 3782 est
1685 3715 1848 3804 quodam
1869 3738 1915 3806 pr.
1939 3717 2013 3800 (sed
2034 3739 2124 3806 qua·

332 3819 418 3887 dass
439 3842 596 3911 superscr.
619 3820 808 3908 quoddam
830 3820 870 3887 od
891 3827 1006 3910 marg.)
1027 3827 1081 3887 40.
1105 3821 1270 3910 patientem
1292 3817 1565 3884 accommodet
1587 3823 1764 3884 antemos.
1787 3819 1957 3885 sirecte
1979 3821 2125 3907 facias,

333 3925 448 3990 sinon
469 3922 527 4008 (ad
548 3944 646 4011 marg.
668 3922 751 3988 rel:
775 3924 811 3988 si
832 3923 972 4012 possis
1005 3926 1136 4005 recte)
1157 3926 1211 3991 w.
1233 3928 1318 4011 aptat
1337 3926 1510 4010 (superscr.
1532 3920 1596 3986 rel
1618 3925 1746 4010 optat)
1766 3923 1819 3986 08.
1842 3942 1965 4010 prora
1987 3922 2125 3991 biremis

332 4027 511 4115 (superscr.
539 4025 603 4091 rel
636 4024 769 4114 priva)
790 4027 844 4088 er.
868 4046 947 4089 cum
968 4033 1125 4114 punnat.
1149 4023 1207 4110 (ad
1229 4045 1326 4112 marg.
1349 4044 1428 4088 cum
1451 4022 1619 4112 pugnet)
1642 4025 1715 4088 1⁰4.
1738 4043 1879 4109 unguem.
1901 4027 2000 4109 auget
2021 4023 2124 4094 adscr.

332 4126 459 4217 antiqua
479 4150 580 4195 mauu.
603 4127 676 4195 lob.
697 4126 797 4192 locus.
821 4133 857 4192 te
878 4127 1147 4217 respicientis
1169 4162 1213 4177 -
1235 4126 1399 4216 sapiens
1426 4125 1562 4193 omissus
1582 4125 1615 4190 in
1636 4132 1734 4208 textu,
1755 4121 1794 4189 ad
1815 4145 1916 4214 marg.
1940 4124 2125 4219 adscriptus.

268 4414 285 4426 ·
418 4336 480 4417 88)
502 4332 683 4421 (iilam.
728 4332 865 4401 (lodex
886 4335 920 4403 b.
941 4332 1395 4402 bibliothecaellucalis
1412 4330 1788 4419 Guelpherbytanae
1811 4353 1898 4402 saec.
1920 4333 2010 4403 Xlll.
2032 4353 2125 4401 ιιοιι-

331 4438 505 4504 brmceus
527 4437 560 4503 iu
581 4440 636 4501 8¹0
658 4438 727 4523 maj.
750 4438 832 4526 sign.
856 4437 913 4503 Νι.
934 4441 989 4507 bd.
1010 4440 1042 4502 4.
1065 4437 1151 4503 cuius
1172 4437 1311 4503 notitiam
1333 4458 1362 4502 u.
1385 4455 1434 4526 ap.
1456 4434 1602 4501 Ebertum
1624 4430 1932 4506 incitassem.
1975 4435 2126 4501 llicliber

330 4539 421 4606 corio
449 4539 550 4628 nigro·
570 4539 717 4606 obductus
741 4550 772 4604 et
793 4540 870 4605 bene
889 4540 1010 4605 babitus
1032 4540 1065 4604 in
1086 4538 1239 4605 volumine
1261 4539 1338 4606 satis
1361 4537 1459 4627 amplo
1489 4544 1613 4627 praeter
1635 4538 1697 4604 alia
1719 4540 1835 4625 scripta
1864 4537 2045 4603 obscuriora
2066 4533 2126 4603 Sa·

331 4641 421 4708 lustii
450 4664 548 4733 opera
577 4644 713 4709 continet
742 4649 773 4707 et
801 4639 961 4707 Horatii
990 4641 1125 4706 Artem
1158 4643 1355 4729 poeticam
1383 4640 1416 4719 iu
1442 4642 1495 4708 84.
1521 4641 1609 4708 loliis
1638 4642 1798 4708 laxissime
1828 4660 1864 4703 ac
1885 4637 2126 4707 luculentissime
2243 4643 2246 4651 '

333 4744 500 4835 scriptam,
530 4752 564 4809 ut
590 4743 706 4834 singuli
735 4764 846 4809 versus
876 4742 952 4809 duas
981 4744 1080 4810 lineas
1104 4763 1253 4831 occupent
1276 4751 1307 4807 ct
1328 4743 1470 4835 singulae
1491 4745 1627 4834 paginae
1649 4751 1795 4831 septenos
1818 4760 1929 4806 versus
1951 4740 2128 4809 contineant

333 4848 470 4934 scriptos
499 4847 581 4913 inter
609 4846 709 4913 lineas
739 4847 772 4913 iu
801 4845 906 4933 priore
939 4845 1010 4911 libri
1031 4853 1119 4935 parte
1142 4865 1284 4933 cerussa·
1304 4846 1337 4911 in
1359 4844 1458 4911 altera
1478 4848 1636 4935 pigmento
1658 4840 1770 4933 pallide
1792 4842 1881 4922 lusco
1904 4839 2023 4926 ductas,
2045 4842 2125 4911 binis
2241 4886 2244 4892 -

331 4950 484 5036 utrimque
506 4949 597 5015 lineis
620 4947 922 5040 perpendicularibus
945 4951 1136 5030 terminatas,
1159 4958 1191 5010 ut
1214 4945 1429 5033 amplissimum
1451 4947 1485 5010 in
1507 4946 1664 5010 exteriore
1686 4945 1825 5033 margine
1848 4935 2148 5032 spatiumrelictuur'
2215 5027 2218 5032 Ι
2298 4964 2301 4973 ·

332 5053 387 5121 sit.
429 5051 612 5137 Membrana
639 5072 783 5140 perquam
811 5069 920 5114 crassa
950 5049 1086 5136 satisque
1114 5050 1193 5115 alba.
1239 5049 1345 5111 Prima
1368 5046 1458 5112 Artis
1486 5069 1517 5138 p.
1547 5047 1652 5112 littera
1678 5049 1770 5114 minio
1793 5048 1948 5134 variisque
1970 5047 2125 5115 coloribus

330 5153 417 5247 picta
446 5160 505 5220 est.
551 5151 685 5218 Glossae
715 5161 748 5219 et
775 5152 896 5218 scholia
924 5148 1048 5234 eadem,
1077 5159 1110 5216 ut
1138 5149 1275 5233 uidetur,
1304 5169 1395 5213 manu
1417 5151 1559 5239 quaipsi
1580 5171 1712 5235 versus,
1733 5148 1934 5215 interlineas
1957 5150 2073 5240 scripta
2092 5148 2126 5215 iu
2174 5234 2188 5252 ,

331 5258 441 5354 priore
470 5256 543 5322 libri
572 5263 660 5345 parte
681 5255 751 5323 fere
773 5276 870 5343 usque
891 5252 931 5320 ad
952 5275 982 5320 v.
1004 5255 1089 5337 2⁰0,
1118 5252 1153 5318 iu
1174 5253 1271 5319 altera
1301 5250 1455 5319 deliciunt
1498 5250 1651 5321 versuum
1673 5251 1792 5317 numeri
1814 5252 1847 5319 in
1868 5249 1986 5318 decimo
2009 5268 2126 5337 quoque

330 5381 429 5428 uersu
451 5360 524 5426 ai.
545 5380 586 5425 ur.
608 5356 767 5447 adscripti.
809 5357 848 5424 ln
868 5357 966 5447 primo
987 5354 1065 5423 folio
1087 5374 1166 5444 puro
1190 5376 1304 5423 averso
1334 5354 1465 5443 legitur:
1498 5355 1566 5423 lat.
1591 5378 1617 5422 s.
1640 5355 1835 5428 neccaro.
1857 5358 1988 5422 hetrtu
2010 5354 2124 5420 θωπί
2180 5405 2184 5411 .
