5725 6392
1405 691 1455 766 el

1313 793 1551 807 m

532 911 607 988 pter
628 901 721 960 totam
743 891 893 975 indolem,
921 892 1144 958 inlitteratum
1173 893 1319 958 maiorum
1347 894 1556 979 minorumque
1585 893 1697 982 ligura,
1720 895 1752 961 iu
1775 896 1866 985 siglis
1895 905 1927 962 et
1956 899 2143 988 compendiis
2172 902 2328 969 scribendi

533 999 745 1087 conspicuam,
767 1005 829 1060 tum
851 1003 979 1084 propter
1002 995 1174 1082 singularia
1196 995 1341 1081 quaedam
1358 995 1444 1059 illius
1467 996 1578 1060 aetatis
1601 996 1723 1062 iudicia.
1753 1021 1809 1083 ae,
1832 1022 1876 1066 oe
1898 999 2079 1089 diphthongi
2102 1024 2168 1067 cum
2190 1025 2219 1068 ae
2243 1004 2324 1092 siglo

531 1099 617 1167 baud
627 1099 854 1185 infrequentes,
866 1098 927 1163 etsi
948 1098 1123 1187 plerumque
1144 1119 1201 1186 per
1223 1098 1316 1196 p‘vel
1339 1118 1356 1161 e
1379 1118 1560 1185 expressae.
1606 1100 1748 1164 elittera
1769 1101 1912 1167 lineolam
1942 1103 2066 1191 capituli
2089 1125 2129 1168 ex
2153 1106 2326 1172 vetustissi-

534 1223 590 1268 ιο·
607 1223 664 1267 usu
694 1200 860 1289 protendit.
906 1199 979 1265 det
1002 1197 1022 1263 d
1042 1201 1235 1287 promiscue,
1258 1222 1275 1264 r
1296 1199 1472 1288 plerumque
1495 1201 1652 1288 scriptum,
1676 1222 1687 1268 1
1709 1204 1820 1268 rarius.
1872 1204 2029 1291 l'longum
2052 1204 2172 1291 ubique,
2197 1227 2212 1271 s
2235 1207 2326 1273 finale

532 1325 630 1394 supra
649 1303 760 1368 lineam
782 1302 912 1366 effertur
940 1302 1111 1390 (lippu⁸).
1154 1299 1192 1366 ln
1214 1302 1305 1389 siglis
1329 1298 1415 1385 dc,·'7
1439 1322 1496 1390 pro
1527 1309 1559 1366 et
1579 1302 1767 1389 frequenter.
1812 1325 1907 1394 apro
1931 1321 2082 1388 consta
2106 1328 2162 1394 pro
2186 1315 2261 1391 est,
2284 1309 2327 1394 ᾗ

533 1427 593 1496 pro
616 1407 728 1489 euim,
749 1401 877 1494 passim.
921 1403 957 1469 lu
981 1403 1320 1469 distinctionibus
1349 1411 1490 1493 punctum
1512 1405 1610 1490 majus
1634 1407 1689 1490 (.)
1713 1414 1744 1470 et
1765 1407 1864 1471 miuus
1887 1411 1958 1490 (·),
1982 1408 2149 1474 semicolon
2172 1414 2200 1491 (ς
2225 1415 2272 1493 1)
2294 1418 2327 1477 et

532 1507 750 1595 interrogandi
785 1509 908 1595 signum
938 1506 1180 1592 frequentantur.
1209 1544 1249 1557 -
1279 1505 1584 1594 Orthograpbia
1620 1528 1756 1573 uocum
1793 1510 1890 1597 proba
1923 1510 2098 1599 plerumque
2134 1514 2326 1600 etantiqua.

533 1607 723 1699 Juppiter
744 1608 882 1698 (Jupiter
897 1613 1000 1691 raro),
1021 1608 1251 1690 Maecenas,
1273 1607 1445 1691 Bacbus,
1467 1607 1641 1697 Apulus,
1662 1609 1788 1693 milia,
1812 1633 1953 1695 sucus,
1976 1612 2108 1695 belua,
2130 1614 2241 1698 baca,
2264 1616 2325 1681 be·

535 1733 624 1798 res,
645 1720 882 1802 percontor,
912 1723 1043 1792 artus,
1066 1708 1270 1777 Volcanus
1300 1709 1372 1792 (sed
1405 1710 1506 1792 vult,
1537 1710 1714 1798 vulgus),
1745 1713 1949 1799 quicquid,
1978 1716 2228 1801 nequiquam,
2257 1739 2326 1782 um·
2394 1710 2399 1715 ’

534 1811 2326 1903 qaam,numquam,thura,sepulchrum,olus,corda,coturuus,obprobrium,obi‚cit,inicit,

534 1917 678 1999 deicit,
702 1918 861 1998 vicium,
883 1916 1071 1996 ambicio,
1094 1914 1218 1995 racio,
1242 1915 1434 1996 avaricia,
1457 1936 1619 1997 aeneus,
1651 1916 1839 1999 (aheneus
1862 1918 1895 1981 iu
1918 1917 2002 1982 nullo
2024 1920 2196 1985 vetustiore
2218 1920 2325 1986 codice

534 2021 654 2102 inveni)
676 2017 805 2100 velud,
827 2016 976 2103 inquid,
997 2016 1131 2105 passim3
1153 2016 1322 2080 accusativi
1342 2015 1400 2082 lll.
1424 2016 1533 2081 declin.
1556 2018 1588 2082 iu
1612 2017 1745 2082 eslere
1768 2038 1899 2107 semper.
1925 2056 1966 2068 -
1988 2019 2136 2086 Lectio
2159 2022 2249 2109 hujus
2272 2043 2326 2089 co·

523 2119 615 2186 ¹dicis
637 2142 655 2185 e
676 2121 757 2186 bono
780 2128 812 2184 et
834 2126 956 2185 vetusto
988 2116 1156 2205 exemplari
1179 2116 1287 2199 ducta,
1316 2139 1393 2206 pura
1414 2119 1589 2207 plerumque
1612 2126 1643 2183 et
1665 2118 1842 2202 emendata,
1870 2120 2028 2187 librarium
2049 2122 2152 2211 prodit
2172 2126 2249 2189 satis
2271 2123 2326 2192 do·

535 2230 618 2289 ctum
639 2230 670 2289 et
690 2222 886 2310 diligentem,
915 2229 948 2286 ut
969 2221 1002 2285 iu
1023 2219 1202 2285 melioribus
1225 2220 1346 2286 omuino
1368 2221 1457 2286 libris
1485 2221 1535 2286 bic
1557 2222 1762 2287 numerandus
1786 2223 1836 2287 sit.
1879 2221 1931 2288 Ex
1954 2226 2021 2310 ejus
2044 2224 2227 2291 lectionibus
2249 2247 2341 2294 nou··

535 2325 637 2391 nullas
665 2325 715 2391 bic
745 2324 860 2391 afferre
887 2323 997 2414 placet
1039 2319 1140 2409 Epod.
1162 2325 1223 2403 11,
1251 2325 1304 2386 36.
1371 2321 1480 2401 Quae
1503 2323 1575 2387 finis
1599 2325 1702 2409 (quis
1726 2328 1899 2412 superser.)
1942 2324 1985 2390 11.
2016 2325 2082 2392 Sat.
2111 2330 2144 2409 ’1,
2173 2333 2245 2392 199.
2275 2310 2327 2416 qui

534 2448 614 2518 puer
633 2446 707 2492 ura
728 2426 885 2491 Furtivam
906 2433 1001 2490 mutat
1023 2423 1240 2511 strigilem.
1263 2428 1297 2505 8,
1319 2426 1350 2489 4.
1374 2423 1430 2505 da,
1456 2425 1484 2488 si
1506 2445 1612 2512 grave.
1637 2424 1714 2510 (dic
1737 2430 1906 2514 superscr.)
1942 2426 1968 2492 l.
1991 2427 2093 2514 Epist.
2114 2430 2148 2512 b,
2170 2432 2222 2497 21
2252 2452 2326 2497 nec

534 2529 682 2612 sedasti,
704 2532 756 2595 81.
780 2529 839 2594 boc
860 2526 1112 2615 age'divitiis.
1143 2527 1176 2607 a,
1200 2529 1251 2595 16.
1274 2533 1354 2590 otu
1378 2527 1578 2611 quantumvis.
1602 2530 1654 2592 51.
1683 2528 1735 2593 At
1754 2550 1934 2615 properare.
1960 2528 2002 2595 ll.
2025 2530 2084 2617 Ep.
2108 2534 2234 2614 1,12a
2257 2553 2325 2598 ser·

535 2628 1057 2717 11111111111111113111111
1080 2647 1322 2712 expugnare.
1353 2631 1425 2692 169.
1459 2630 1514 2693 sub
1537 2628 1711 2716 gelidam
1732 2638 1894 2696 noctem.
1924 2635 1998 2700 2⁰2.
2029 2637 2159 2698 aetatem
2189 2632 2324 2700 ducimus

536 2734 676 2826 astris.
718 2733 785 2800 Ars
806 2738 890 2820 poet.
912 2735 984 2798 18⁹.
1028 2730 1269 2797 Parturiunt
1289 2737 1420 2797 monas.
1442 2732 1517 2796 818.
1541 2735 1573 2797 et
1593 2752 1711 2799 veras
1733 2732 1813 2801 binc.
1835 2768 1880 2782 -

624 2944 682 3026 16)
703 2941 841 3013 Mon.
862 2941 908 3012 ὅ.
940 2941 1082 3009 Codex
1102 2944 1134 3008 b.
1163 2940 1438 3009 bibliothecae
1465 2940 1623 3033 Regiae
1644 2939 1908 3011 Monacensis
1940 2965 2022 3009 suec.
2043 2942 2117 3008 ΧΗ.
2138 2945 2326 3010 membrana·

536 3065 614 3112 cens
636 3047 669 3109 in
690 3049 729 3110 4⁰
754 3046 836 3133 sign
860 3045 917 3109 Nr.
939 3047 981 3111 Ι).
1001 3050 1033 3110 6.
1058 3067 1085 3109 1.
1119 3043 1454 3132 Weibestepbauensis
1476 3048 1528 3111 61.
1552 3046 1612 3111 llic
1635 3046 1744 3130 codex,
1767 3048 1867 3113 forma
1888 3046 2045 3133 quadrata,
2068 3047 2252 3134 tegumentis
2273 3047 2326 3112 fir·

536 3149 597 3213 mis
619 3147 706 3212 corio
728 3147 796 3212 albo
817 3147 983 3229 involutis,
1005 3147 1037 3211 in
1066 3144 1323 3235 splendidioribus
1341 3146 1467 3212 Horatii
1486 3147 1702 3213 numerandus.
1747 3146 1841 3212 Sola
1862 3148 2027 3212 Horatii
2050 3169 2172 3236 opera
2193 3150 2332 3237 continet⁸

536 3251 571 3316 in
593 3250 767 3314 membrana
788 3250 956 3332 crassiore,
979 3246 1115 3313 candida
1131 3256 1162 3312 et
1181 3249 1214 3312 iu
1236 3256 1362 3334 utraque
1384 3250 1500 3337 pagiua
1521 3251 1600 3315 bene
1621 3257 1804 3338 praeparata
1825 3248 2065 3314 luculentissime
2088 3249 2213 3337 scripta.
2235 3249 2327 3317 Folia

538 3351 710 3435 1111199,
732 3352 832 3417 omnia
854 3351 1002 3437 aequaba.
1045 3349 1083 3416 ln
1105 3351 1209 3439 priore
1232 3357 1319 3439 parte
1341 3350 1396 3415 iol.
1420 3355 1582 3415 1-61.Ι
1615 3350 1695 3416 Ars
1718 3357 1819 3439 poet.
1863 3349 2138 3438 Epistularum
2160 3352 2256 3415 libri
2277 3351 2326 3418 ll.

538 3460 580 3520 et
601 3452 831 3520 Sermonum
853 3452 951 3517 libri
972 3452 1022 3516 ll.
1044 3452 1156 3517 litteris
1175 3453 1389 3540 pinguioribus
1402 3473 1438 3516 ac
1449 3453 1665 3540 grandioribus
1677 3453 1785 3538 ubique
1797 3452 1972 3538 aequalibus
1985 3450 2144 3540 splendide
2156 3453 2273 3541 scripti.
2288 3492 2326 3507 -

535 3554 578 3621 ln
598 3554 696 3620 altera
716 3564 802 3644 parte
825 3577 844 3620 a
864 3556 969 3644 priore
991 3554 1113 3619 multum
1136 3554 1260 3618 diversa
1280 3553 1431 3639 Lyrica
1453 3555 1569 3637 iusum,
1591 3554 1652 3618 alia
1673 3574 1779 3632 manu,
1804 3552 1860 3621 sed
1883 3556 1960 3618 satis
1983 3552 2143 3642 diligenti,
2165 3556 2327 3643 angustius

539 3663 682 3740 uma,
703 3679 798 3744 usque
828 3657 867 3723 ud
888 3656 944 3725 lv.
968 3656 1025 3722 0d.
1047 3661 1081 3739 8,
1106 3661 1155 3720 11.
1188 3655 1351 3721 deficiente
1373 3656 1491 3742 reliqua
1519 3664 1606 3744 parte
1629 3656 1701 3720 libri
1723 3650 1785 3723 lv:
1808 3677 1874 3721 cum
1896 3654 2015 3745 Epodis
2038 3664 2069 3720 et
2091 3654 2235 3722 Carmine
2258 3679 2326 3724 sae·

537 3758 646 3825 calari.
668 3791 710 3808 --
729 3758 767 3824 Iu
787 3761 885 3850 prima
907 3761 996 3847 bujus
1013 3759 1135 3827 'codicis
1157 3758 1272 3848 pagiua
1293 3755 1367 3825 Vita
1388 3758 1441 3822 illa
1462 3757 1588 3844 legitur,
1611 3760 1697 3845 cujus
1719 3759 1836 3824 initium
1860 3764 1924 3823 est:
1957 3760 1993 3837 Q.
2016 3759 2173 3823 Horatius
2193 3762 2329 3825 Flaccus
2403 3752 2407 3757 ’

539 3864 799 3948 611111111111
819 3873 915 3926 notros
936 3871 1007 3926 cett.
1030 3871 1091 3926 tum
1114 3861 1334 3950 prolegomena
1354 3860 1387 3923 in
1410 3859 1519 3924 Artem
1540 3867 1622 3949 poet
1646 3861 1750 3925 inania
1771 3862 1917 3948 parvique
1939 3859 2137 3925 aestimanda.
2162 3898 2201 3910 -
2223 3859 2260 3927 ln
2283 3861 2327 3927 al·

539 3965 637 4030 terius
659 3963 727 4030 folii
748 3965 821 4028 Arti
841 3972 922 4051 poet
945 3963 1076 4051 praefixi
1097 3965 1213 4053 pagina
1235 3961 1368 4027 adversa
1396 3963 1532 4026 cernitur
1560 3963 1663 4050 imago
1687 3961 1754 4027 Scti
1776 3962 1926 4052 Stephani
1948 3961 2052 4027 colore
2074 3961 2211 4028 violaceo
2234 3963 2328 4052 picta,

542 4066 594 4132 cui
605 4067 699 4132 11111
716 4066 825 4132 librum
842 4064 972 4153 supplex
984 4063 1087 4129 offert
1111 4063 1353 4153 circumscripta
1367 4070 1439 4128 sunt
1451 4065 1527 4128 baec
1549 4064 1660 4130 litteris
1673 4065 1822 4130 miniatis:
1848 4065 1986 4128 Sanctus
1994 4065 2183 4149 Stepbenos.
2213 4067 2329 4132 811111

540 4170 758 4235 1111111111
779 4173 860 4232 11111
881 4170 992 4231 librum
1015 4169 1055 4229 do
1078 4169 1136 4230 tibi
1156 4170 1312 4230 alumnas.
1331 4190 1393 4252 pro
1414 4190 1474 4252 pao
1495 4190 1597 4232 merce
1618 4165 1713 4251 (dem)
1736 4170 1832 4231 ecelis
1848 4190 1898 4232 me
1914 4167 2023 4250 (mihi)
2039 4170 2139 4233 redde
2146 4191 2326 4254 persuasis.

538 4270 714 4362 lnpsgiua
735 4291 847 4335 aversa
867 4269 991 4335 Horatii
1011 4269 1133 4356 imago,
1162 4273 1286 4332 erectus
1315 4270 1484 4358 iuscripta,
1507 4277 1539 4334 ut
1556 4270 1680 4357 juvenis
1704 4270 1806 4334 tunica
1834 4278 1866 4334 et
1894 4267 1985 4359 pallio
2014 4269 2129 4354 induti,
2159 4273 2275 4361 apicem
2295 4272 2329 4337 iu

540 4375 661 4465 capite,
691 4381 842 4461 sceptrum
871 4371 903 4435 iu
933 4369 1042 4436 dextra
1069 4371 1222 4458 gestantis
1246 4371 1350 4435 colore
1373 4372 1512 4437 violaceo
1534 4372 1616 4460 picta
1638 4373 1791 4455 cernitur,
1820 4371 1910 4437 laeva
1938 4372 2103 4438 lemniscos
2132 4380 2271 4448 tenente,
2294 4373 2329 4439 iu
2356 4410 2359 4417 ·

540 4478 650 4566 quibus
680 4477 756 4541 baec
786 4475 917 4562 scripta:
951 4474 1067 4539 Lector
1091 4482 1270 4557 pertractet
1291 4475 1403 4537 111111·
1430 4477 1506 4560 quid
1534 4478 1668 4559 epistola
1698 4483 1831 4539 tractet.
1882 4475 2013 4540 1111111
2047 4497 2221 4539 sermonem
2257 4478 2329 4560 legs

537 4582 717 4646 doetrimr
739 4581 798 4642 seon·
817 4598 946 4640 1111111.
990 4574 1042 4638 se
1065 4581 1125 4640 tibi
1144 4579 1290 4641 doctriua
1317 4578 1396 4641 beas
1416 4578 1562 4642 dictandi
1576 4582 1713 4663 poetria.
1758 4576 1840 4642 Post
1867 4576 2076 4666 Epistolarum
2103 4575 2211 4639 librum
2231 4574 2273 4658 11,
2295 4578 2329 4642 iu

538 4681 806 4751 1111111111)
830 4675 1006 4743 Calendarii
1037 4681 1192 4765 specimen
1220 4677 1400 4759 exhibetur,
1429 4680 1461 4742 iu
1491 4702 1548 4764 quo
1578 4701 1619 4745 ex
1646 4679 1801 4746 Friderici
1829 4679 1855 4744 l.
1888 4678 2107 4745 Germanorum
2129 4674 2327 4765 Imperatoris

538 4783 606 4851 via
625 4783 798 4853 uerissima
818 4779 965 4868 quaedam
986 4778 1026 4844 ad
1047 4800 1075 4844 a.
1099 4783 1184 4846 1161
1205 4779 1604 4870 pertinentis-reformor„
1626 4785 1659 4849 in
1679 4783 1734 4849 fol.
1755 4785 1796 4846 41
1819 4780 1923 4844 brevis
1945 4779 2077 4845 historia
2098 4776 2205 4845 ducum
2225 4779 2328 4846 Bava-

536 4886 675 4954 ricorum
696 4885 811 4973 legitur
831 4904 927 4968 usque
950 4880 989 4946 ad
1010 4881 1177 4946 Henricum
1190 4880 1373 4970 Superbum,
1396 4881 1522 4949 Haicici
1545 4884 1637 4970 Nigri
1659 4884 1751 4947 lilium
1773 4902 1814 4945 ex
1828 4878 2003 4963 Wulibildi,
2024 4877 2147 4969 Magni,
2170 4879 2330 4950 Saxonum

537 4986 642 5071 heis,
663 4987 738 5053 lilia.
757 5021 799 5036 -·
820 4983 853 5050 ls
876 4985 1030 5051 Henricus
1055 4982 1213 5071 Superbus
1235 4982 1388 5049 Bavariae
1410 4986 1544 5073 praefuit
1566 5007 1594 5048 a.
1617 4985 1702 5047 1121
1724 5016 1762 5028 -
1787 4985 1885 5066 luae,
1906 5004 1964 5070 quo
1987 4983 2072 5049 obiit
2118 4982 2251 5050 Uxorem
2274 4987 2328 5052 ba·

534 5093 607 5161 buit
617 5087 795 5172 Gertrudiu,
817 5087 965 5153 Lotbarii
975 5086 1175 5174 Imperatoris
1199 5105 1239 5150 ex
1259 5085 1421 5153 Ricbensa
1440 5084 1656 5153 filiam-Ex
1677 5084 1726 5150 bis
1750 5105 1826 5171 quae
1849 5085 2013 5167 attulimus,
2036 5083 2170 5153 codicem
2190 5096 2329 5154 nostrum

530 5193 681 5265 inltera
692 5191 810 5258 saeculi
821 5189 894 5255 ΧΠ.
907 5198 994 5278 parte
1007 5190 1153 5278 scriptum
1165 5208 1249 5270 esse,
1272 5197 1357 5253 recte
1376 5189 1541 5277 colligitur.
1587 5185 1656 5268 Qua
1673 5210 1739 5253 cum
1756 5195 1857 5253 aetate
1875 5197 1957 5253 totus
1973 5189 2040 5275 ejus
2063 5189 2183 5255 babitus
2207 5197 2239 5254 et
2258 5190 2328 5278 ipsa

531 5299 712 5387 scripturae
733 5292 857 5361 indoles
887 5294 969 5360 omni
991 5312 1032 5357 ex
1060 5299 1148 5380 parte
1169 5291 1323 5358 convenit.
1366 5291 1509 5379 Pagiuae
1531 5310 1637 5359 omues
1667 5291 1821 5380 simplices
1848 5291 1961 5359 habent
1989 5312 2132 5360 versuum
2159 5291 2327 5376 columnas,
2435 5310 2438 5315 ·

2045 5410 2092 5475 τ*
