5725 6392
1282 638 1521 761 ...9-

512 849 583 916 llol.
604 849 675 916 min.
704 849 790 914 corio
820 847 913 915 badio
940 853 1059 929 eous,
1090 847 1153 910 141
1186 844 1272 912 foliis
1302 840 1643 911 anabudanona
1665 845 1704 927 a)
1733 842 1776 924 Q.-
1796 826 1960 911 Horatii
1989 843 2048 911 Fi.
2067 844 2301 916 Sermonum

513 951 603 1022 Lib.
625 950 653 1017 1.
674 943 1100 1039 11.f01.1-so.o)·1)ec.
1122 944 1236 1014 Junii
1258 946 1475 1013 luvenalis
1498 945 1707 1013 Satiresin
1722 946 1799 1012 dnos
1813 945 1908 1013 libros
1921 947 2038 1014 divisas
2050 947 2300 1018 loidi-m.

512 1054 608 1137 cM.
635 1053 776 1119 Persii
802 1050 944 1117 Flacci
971 1049 1060 1115 libr.
1098 1047 1326 1116 Satirarum
1354 1047 1408 1113 fol
1432 1050 1559 1113 111-
1582 1051 1654 1115 141.
1700 1048 1804 1114 Totus
1837 1048 1887 1114 hic
1917 1048 2016 1115 codex
2045 1071 2105 1115 uua
2132 1047 2299 1138 eademque

435 1210 437 1214 .
510 1154 654 1222 manain
676 1154 782 1219 charta
804 1150 979 1242 splendida,
1007 1159 1094 1219 terra
1125 1150 1248 1217 cimolia
1268 1148 1392 1217 inducta
1414 1149 1632 1216 candidissima
1653 1172 1690 1216 ac
1710 1151 1879 1238 laevigata,
1902 1156 2069 1217 atramento
2092 1151 2214 1239 vulgari
2234 1174 2300 1220 non

509 1257 590 1325 hehe
618 1255 737 1344 quidem
759 1253 815 1319 sed
842 1253 1012 1320 loculenter
1040 1262 1073 1320 et
1087 1254 1253 1344 -e'xplicato
1282 1254 1428 1341 scriptus.
1471 1250 1594 1321 Versus
1616 1255 1650 1320 in
1672 1252 1804 1341 singulis
1825 1253 1950 1340 paginis
1972 1256 2130 1319 n-es
2152 1255 2185 1320 in
2205 1253 2298 1320 lineis

510 1357 639 1426 cerosea
659 1356 769 1432 doctis,
794 1362 827 1421 ot
846 1360 908 1422 nna
928 1357 1011 1421 linea
1031 1353 1279 1445 perpendiculari
1300 1355 1449 1442 utrimque
1471 1355 1784 1444 terminetis-scripti,
1806 1354 1920 1420 liberis
1942 1355 2019 1420 satis
2041 1356 2161 1442 magnis
2185 1357 2300 1444 etpin·

510 1462 641 1550 guibus,
670 1456 857 1548 compendiis
887 1459 1059 1548 scripturae
1093 1457 1244 1546 siglisqne
1272 1478 1336 1524 non
1362 1456 1410 1521 ita
1434 1456 1536 1523 multis
1566 1464 1599 1521 ot
1626 1456 1825 1547 simplicibus.
1854 1476 1951 1546 epro
1980 1478 2024 1521 ae
2056 1464 2088 1521 et
2109 1477 2153 1521 oe
2175 1457 2300 1543 ubique,

510 1569 620 1629 contra
648 1582 692 1628 oe
707 1582 777 1650 -pro
801 1581 818 1626 e
841 1567 874 1625 et
902 1582 947 1625 ae
980 1561 1096 1649 passim
1118 1559 1149 1640 (f
1155 1559 1333 1642 uelites,
1354 1559 1483 1642 loeta)
1506 1582 1521 1625 ι
1541 1558 1880 1648 plerumque-simplex,
1903 1559 2004 1623 rarius
2026 1566 2139 1647 puncto
2163 1565 2300 1626 notatum

509 1663 579 1751 (i).
600 1663 671 1746 hii,
694 1663 776 1749 hiJ's
798 1683 855 1752 pro
877 1661 928 1746 hi,
949 1661 1027 1755 his,
1046 1661 1144 1726 hant
1164 1678 1220 1751 pro
1244 1659 1359 1744 haud,
1375 1682 1453 1726 *nou
1474 1680 1558 1727 raro.
1581 1683 1668 1727 cum
1689 1682 1758 1750 pro
1782 1683 1852 1727 con
1874 1662 1991 1750 passim
2012 1659 2300 1747 (concredere,

451 1756 455 1766 ’
510 1764 738 1848 conclave).
759 1765 771 1828 i
794 1771 825 1828 et
844 1785 867 1851 y
889 1784 984 1852 saepe
1012 1764 1094 1831 inter
1123 1783 1158 1828 se
1189 1768 1408 1845 commutatae,
1439 1757 1663 1850 sed'nusqnam
1684 1763 1821 1845 michi,
1843 1762 1981 1831 nichil.
2004 1800 2042 1812 -
2067 1763 2300 1830 Distinctio

366 1876 368 1881 '
510 1868 579 1933 fere
608 1866 707 1950 nulla,
730 1866 780 1930 vel
801 1864 959 1930 admodum
982 1887 1071 1948 rara,
1094 1865 1182 1931 modo
1201 1887 1261 1955 »per
1282 1876 1436 1955 punctum.
1477 1863 1696 1953 interrogandi
1718 1867 1839 1953 signnm
1862 1866 1983 1930 omnino
2006 1864 2119 1930 deficit.
2150 1865 2301 1940 Litterae

510 1971 645 2057 majores
669 1990 694 2033 s.
717 1967 853 2032 unciales
875 1966 945 2030 rudi
965 1966 1047 2031 illins
1070 1968 1140 2031 aevi
1163 1965 1251 2032 ducto
1271 1967 1425 2055 figuratae
1447 1966 1627 2053 multumque
1642 1968 1796 2046 variatae;
1819 1965 1954 2030 initiales
1975 1966 2150 2052 eclogarum
2162 1968 2321 2054 titulique*

510 2075 543 2139 iu
570 2073 668 2161 primo
690 2069 873 2136 Sermonum
901 2067 980 2133 libro
1009 2069 1103 2133 minio
1132 2068 1348 2157 picti‚-etiam
1372 2089 1516 2133 versuum
1543 2068 1679 2134 initiales
1708 2068 1872 2157 pleraeque
1899 2066 2013 2132 lineola
2039 2068 2134 2133 rubra
2163 2077 2298 2137 notatae.

510 2173 619 2240 Prima
646 2169 762 2237 codicis
791 2168 896 2234 littera
918 2167 945 2249 Q
968 2168 1115 2235 caeruleo.
1140 2171 1298 2259 pigmento
1328 2171 1454 2258 scripta.
1497 2169 1536 2235 In
1565 2168 1867 2235 altero'Sermonom
1888 2168 1968 2233 libro
1991 2189 2079 2234 omno
2101 2171 2222 2236 minium
2245 2172 2299 2239 de·

480 2270 585 2342 ’Ὶίοἰι
608 2271 742 2340 Glossae
765 2279 796 2336 et
816 2272 898 2336 inter
919 2292 1031 2337 versus
1054 2278 1086 2336 et
1107 2270 1146 2336 ad
1168 2273 1325 2360 margines
1341 2272 1381 2336 in
1401 2272 1500 2360 primo
1512 2270 1695 2337 Sermonum
1716 2271 1795 2336 hhro
1809 2271 2050 2358 frequentiores,
2073 2272 2106 2335 in
2121 2272 2217 2338 altero
2230 2273 2299 2340 fere

511 2376 624 2448 nullae.
646 2373 773 2442 Scholia
794 2355 993 2461 paucissima.
1037 2372 1170 2437 Tituli
1193 2373 1326 2460 singulis
1349 2373 1469 2459 eclogia
1491 2375 1600 2460 partim
1622 2372 1793 2461 praepositi
1806 2372 2016 2461 simpliciores
2035 2374 2213 2454 (otinSat.
2225 2375 2253 2457 1,
2263 2379 2297 2441 8.

512 2478 673 2564 „Sermo
708 2472 904 2541 secundus
926 2474 1110 2562 incipit.“
1144 2475 1176 2538 in
1199 2481 1259 2540 sat
1279 2477 1303 2537 4
1325 2473 1522 2558 „Tertius
1546 2475 1709 2539 sermo.“
1754 2474 1844 2538 etiarn
1861 2473 1919 2539 lib.
1940 2472 1984 2567 11.
2005 2476 2136 2564 septima
2156 2497 2221 2541 eum
2245 2499 2297 2543 su·

510 2582 636 2672 periore
655 2580 785 2659 nexa),
813 2577 924 2663 partim
944 2575 1066 2639 omnino
1089 2572 1211 2643 desunt.
1231 2608 1276 2627 -
1297 2574 1385 2638 Tota
1406 2573 1522 2638 codicis
1544 2575 1659 2657 facies,
1678 2574 1850 2640 litterarum
1867 2574 1989 2653 dictosa
2001 2586 2162 2662 ceteraque
2184 2578 2300 2646 indicia

511 2678 666 2748 saeculum
674 2676 748 2747 XV.
769 2674 912 2765 produnt,
935 2674 966 2739 id
988 2671 1068 2760 qood
1088 2681 1162 2739 nota
1182 2675 1216 2741 in
1235 2675 1307 2762 ipsa
1328 2674 1435 2738 charta
1456 2675 1551 2740 insita
1572 2678 1730 2764 probator.
1753 2675 1845 2742 Folia
1860 2674 2070 2742 ouim'omnia
2090 2677 2152 2743 hoc
2171 2680 2299 2770 insigne

512 2808 627 2883 hibent
654 2812 687 2877 in
715 2809 874 2898 margine:
890 2776 996 3222 l}
1012 2779 1152 2895 (1101ιὶ1
1173 2806 1345 2874 Naumanni
1374 2808 1517 2898 catalogo
1539 2808 1685 2876 librorum
1706 2831 1782 2878 mss.
1806 2800 2297 2902 bihLSenat.'Lips.Tah.1x.

513 2906 594 2983 anno
610 2916 700 2980 aaut
722 2903 876 2992 tribuitur,
1012 2907 1092 2974 unde
1119 2911 1152 2989 in
1182 2918 1320 2976 extrema
1346 2908 1429 2997 illins
1458 2911 1576 2977 saeculi
1603 2906 1691 3003 paule
1719 2911 1799 2977 hunc
1820 2912 1928 2977 librom
1951 2933 2023 2979 esso
2046 2915 2192 3004 scriptum
2213 2939 2300 2985 recte

514 3006 679 3106 colligitur.
728 3006 776 3079 ln'
797 3010 876 3077 Ger·
902 3036 904 3040 ¹
1012 3010 1114 3075 mania
1140 3033 1213 3078 esse
1243 3014 1409 3103 scriptum3
1437 3034 1504 3081 cum
1534 3009 1594 3078 alia
1616 3011 1761 3101 quaedam
1783 3012 1897 3079 indicia
1917 3015 2066 3105 probant,
2089 3024 2156 3083 tum·
2171 3018 2299 3107 glossae

514 3119 717 3189 Germanicae
759 3111 877 3206 passim
970 3126 973 3139 ·
1011 3109 1178 3198 immixtae,
1199 3135 1230 3181 u.
1254 3136 1281 3183 c.
1301 3113 1328 3183 1.
1351 3112 1419 3183 Sat.
1441 3119 1474 3201 1,
1495 3117 1549 3182 bh.
1572 3116 1750 3216 ciathos:
1771 3117 2043 3204 Ebidriocbgloes
2065 3118 2119 3198 (ad
2130 3123 2246 3211 marg.)
2268 3145 2297 3189 r.

512 3273 569 3340 Β.
596 3288 766 3337 cumera:
796 3271 849 3334 ein
868 3268 966 3338 Korb.
986 3291 1040 3336 usa
1064 3278 1159 3355 gertr
1184 3239 1295 3355 gasat
1322 3273 1375 3336 tat.
1405 3271 1480 3338 1⁰4.
1508 3240 1650 3358 suppar
1675 3272 1803 3353 proprie
1819 3274 1864 3348 sr't
1883 3273 2057 3354 gebrechen
2077 3278 2148 3345 otro.
2172 3296 2201 3347 v,
2224 3280 2298 3346 loo,

517 3371 660 3465 spado:
687 3376 740 3438 ein
765 3381 937 3437 maror.
964 3363 1203 3437 herniosus:
1234 3375 1285 3436 cio
1311 3371 1491 3457 gelrocber.
1512 3371 1554 3453 8,
1575 3371 1635 3435 i&
1660 3370 1788 3435 tuber:
1821 3373 1872 3435 cio
1890 3375 2234 3457 geoarottecfisaog
2256 3414 2299 3429 .-

374 3503 377 3506 ·
514 3475 629 3546 Lectio
650 3473 741 3559 hujus
764 3470 882 3538 codicis
904 3494 966 3539 non
988 3471 1147 3547 admodum
1168 3472 1337 3562 probatur.
1367 3469 1460 3538 Haud
1481 3489 1579 3561 panca
1600 3470 1680 3537 enim
1703 3470 1809 3539 insum
1829 3472 1938 3549 menda
1959 3498 2025 3551 com
2045 3477 2079 3542 in
2099 3479 2227 3545 uocibus
2250 3481 2301 3546 vel

516 3575 629 3645 inscite
651 3574 776 3663 scriptis
799 3579 832 3638 et
852 3572 1041 3661 depravatis,
1070 3573 1121 3639 vel
1148 3574 1341 3647 falsointer
1363 3573 1533 3660 sejunctis
1554 3576 1607 3656 (nt
1625 3571 1677 3658 11,
1695 3577 1730 3644 Α.
1752 3579 1804 3645 lt.
1826 3575 1920 3651 Sive
1948 3578 2158 3664 spartinos
2181 3582 2298 3664 subito)

517 3687 579 3746 turn
600 3677 633 3742 iu
654 3673 793 3762 siugulis·
811 3674 915 3752 uerbis
938 3675 1071 3761 totisque
1092 3676 1234 3741 versibus
1253 3673 1306 3742 uel
1327 3673 1452 3741 omissis
1475 3674 1526 3741 vol
1547 3675 1756 3764 hunspositis.
1800 3675 1910 3766 Spatia
1929 3675 2012 3745 haud
2031 3681 2138 3768 pannis
2158 3681 2237 3748 locis
2250 3684 2300 3748 vel

518 3777 650 3867 olngnlis
675 3776 777 3842 verbis
799 3774 849 3843 sel
871 3776 944 3856 totis
966 3777 1109 3842 versibus
1131 3796 1228 3844 vacua
1246 3775 1363 3856 ‚rehcta
1385 3774 1733 3866 scribam-,exemplaris
1746 3774 2012 3870 sni'serhagmale
2028 3782 2149 3870 'scnpta
2171 3792 2224 3850 aut
2243 3786 2299 3851 oh·

518 3887 641 3951 scutata
660 3878 768 3968 legero
790 3897 851 3943 non
873 3878 1013 3968 potuisse
1035 3885 1177 3967 arguunt.
1221 3876 1350 3947 Omnino
1371 3876 1425 3943 hic
1444 3875 1523 3943 liber
1541 3897 1608 3956 nou
1621 3897 1672 3947 aa
1692 3877 1937 3967 antiqno‚‚aliquo
1958 3880 2057 3948 bonae
2080 3892 2170 3956 notae
2193 3884 2315 3967 codice·

519 3981 575 4051 sad
603 4003 644 4047 ex
671 3982 845 4048 recentiore
873 4001 910 4045 ac
936 3979 1036 4046 minus
1068 3979 1213 4051 laudabili
1239 3978 1412 4068 descriptos
1434 3999 1508 4044 esse
1528 3976 1668 4071 pidelan,
1691 3978 1771 4066 qood
1792 4002 1834 4048 ex
1853 4003 1949 4072 prava
1971 4005 2066 4072 saepe
2088 3991 2119 4047 et
2138 3986 2221 4067 male
2238 3988 2301 4054 fida

517 4083 650 4151 lectione
671 4083 836 4171 colligitur.
879 4079 958 4149 Nam
980 4081 1013 4148 in
1027 4080 1246 4151 descrihendis
1262 4079 1350 4148 libris
1370 4076 1491 4146 librarii
1512 4088 1636 4170 praeter
1657 4089 1762 4148 cetera
1783 4083 1893 4150 menda
1913 4093 1944 4149 et
1964 4104 2090 4149 errores
2103 4106 2196 4174 saepe
2209 4090 2301 4155 etiam

519 4188 688 4250 commenta
709 4203 766 4247 sna
786 4204 843 4271 pro
865 4205 942 4250 vera
963 4191 994 4250 et
1014 4187 1138 4274 antiqua
1157 4185 1290 4252 lectione
1309 4183 1556 4266 substituerunt,c
1569 4190 1718 4270 qoaront
1739 4178 1963 4270 quisqueliher
1985 4192 2034 4249 est
2054 4189 2301 4275 recentissimus,

519 4288 564 4360 its
590 4282 735 4375 plurimas
763 4282 944 4371 plerumque
959 4284 1102 4353 lectionis
1124 4288 1291 4368 vmiotates
1314 4284 1449 4365 exhibet
1491 4282 1530 4350 In
1557 4285 1669 4351 ultimis
1696 4283 1830 4363 librili.
1853 4284 1960 4351 satiris
1982 4284 2187 4363 lectiomulto
2209 4292 2301 4361 etiam

519 4386 663 4463 vitiosior
684 4391 716 4450 ot
737 4385 912 4472 corruptior
941 4403 1029 4472 qoam
1049 4386 1083 4452 in
1102 4387 1268 4477 prioribus.
1290 4422 1333 4437 -·
1363 4384 1414 4451 Ex
1436 4387 1566 4452 variis
1579 4385 1836 4459 lectionibus
1859 4385 2020 4453 nonnullas
2043 4389 2092 4455 hic
2114 4389 2212 4458 affere
2234 4395 2300 4482 pla·

520 4499 580 4558 cet
624 4485 651 4555 l.
663 4484 736 4553 Sat:
760 4488 793 4567 1,
816 4483 995 4564 leuod
1014 4486 1178 4554 lassare
1200 4486 1502 4570 valentrsffllorte
1523 4474 1636 4573 feias
1659 4485 1797 4559 humero.
1817 4489 1870 4554 do.
1894 4485 1955 4568 Qui
1973 4490 2020 4555 'nil
2040 4496 2302 4578 portaretis&

522 4590 588 4659 Cur
609 4599 660 4656 tora
680 4589 749 4681 plns
770 4584 922 4652 laudas.
943 4589 999 4656 8⁰.
1020 4588 1065 4653 At
1086 4588 1116 4654 si
1148 4589 1375 4665 condoleat.
1395 4591 1452 4657 98.
1472 4585 1702 4663 Extremum
1724 4580 1851 4677 tempos.
1873 4593 1906 4671 2,
1928 4593 1982 4657 18.
2003 4590 2123 4656 Desine
2146 4598 2304 4661 sectari

520 4699 734 4762 matronas.
755 4691 790 4774 o,
810 4691 865 4756 02.
886 4687 1036 4778 permulta
1063 4689 1232 4756 locutos.
1254 4690 1297 4760 ll.
1318 4688 1386 4757 Sat.
1407 4691 1441 4773 1,
1462 4691 1514 4759 11.
1539 4686 1688 4778 Cupio,
1710 4698 1798 4779 pater
1820 4692 1946 4780 optime:
1970 4691 2301 4763 riresdestituuot

520 4797 556 4878 8,
578 4797 630 4860 12.
651 4790 784 4881 liupolin
803 4789 1067 4863 Archilocho.
1088 4792 1142 4857 21.
1165 4789 1233 4871 Quo
1255 4792 1373 4857 iubar
1394 4790 1474 4858 ille.
1497 4793 1571 4856 191.
1592 4789 1725 4859 classem
1748 4791 1945 4877 deducere
1968 4789 2081 4859 Troia.

475 4905 477 4910 Ι
1288 4921 1290 4924 ⁴
1352 4884 1432 4962 ᾗ..
1639 4947 1648 4973 ·,
1667 4968 1671 4974 .

607 5014 645 5094 4)
666 5010 790 5082 11111.
812 5024 856 5081 a.
878 5010 1013 5078 Codex
1034 5012 1309 5080 bibliothecae
1330 5010 1618 5081 Bernensisnr.
1636 5017 1875 5081 toancnorsn.
1894 5010 2076 5079 in4⁰Saeo
2088 5011 2303 5082 Vllhexeun·

522 5118 564 5182 tis
584 5110 700 5179 vellX.
714 5111 861 5198 ineuntis,
883 5111 1061 5179 charactere
1073 5112 1233 5180 Saronico
1249 5116 1366 5181 minore
1382 5117 1517 5205 scriptus
1531 5116 1597 5203 (qui
1619 5115 1783 5182 aRomano
1800 5121 1831 5178 et
1844 5111 1977 5179 Gothico
1991 5114 2071 5180 hunc
2083 5123 2188 5181 secuto
2201 5118 2303 5184 multis

523 5215 661 5309 partibus
675 5210 810 5298 oues),
840 5213 1068 5302 antiquissimos
1082 5217 1233 5300 omnium,
1262 5223 1409 5306 quotquot
1424 5217 1523 5286 adhoc
1539 5217 1657 5308 cogniti
1669 5226 1751 5284 sunt.
1793 5213 1943 5285 Continet
1972 5215 2137 5285 Horatii
2159 5214 2304 5286 Carni·
