5725 6392
1644 733 1694 809 50

1550 834 1788 846 *uu-...—

772 938 1012 1022 Maecenas,
1034 935 1213 1022 (Mecenas)
1235 935 1412 1018 Bachus,
1444 954 1583 1018 sucus,
1614 936 1732 1018 baca,
1754 941 1990 1022 percontor,
2013 931 2218 1019 quicquid,
2242 936 2460 1023 quicquam,
2492 958 2567 1004 um·

773 1041 889 1130 quam,
912 1062 1122 1127 numquam,
1145 1039 1393 1124 nequiquam,
1416 1046 1552 1124 urget,
1575 1038 1754 1122 tempnit,
1779 1044 1966 1122 sumptus,
1989 1036 2153 1120 hiemps,
2172 1035 2332 1123 ¹uulgus,
2354 1039 2565 1121 vult,‘vul·

773 1152 853 1227 tus,
877 1149 1082 1222 secuntur,
1104 1139 1322 1222 inmundus,
1345 1141 1579 1224 inpransus,
1610 1141 1821 1221 inmorsus,
1846 1138 1977 1220 illino,
2001 1138 2139 1219 obicit,
2163 1136 2297 1221 deicit,
2320 1141 2475 1224 viciam,
2500 1164 2565 1207 ve·

773 1245 850 1327 lud,
872 1243 1006 1329 capud,
1029 1244 1182 1327 (passim)
1204 1243 1335 1324 michi,
1357 1241 1495 1324 nichil,
1508 1243 1649 1325 (rarius).
1674 1241 1788 1306 Aecus.
1802 1241 1858 1305 ΙΙΙ.
1882 1239 1959 1304 decl.
1980 1241 2012 1304 in
2035 1241 2067 1303 is
2091 1238 2565 1326 haudlrequentes.-llicc'o·

744 1391 747 1395 -
773 1347 834 1411 dex
857 1367 874 1409 e
898 1343 980 1410 bene
1004 1354 1035 1409 et
1057 1353 1178 1409 vetusto
1201 1345 1368 1429 exemplari
1398 1343 1504 1409 ductus
1534 1365 1607 1408 esse
1631 1342 1762 1408 videtur.
1805 1343 1989 1428 Quamquam
2018 1343 2097 1407 enim
2125 1342 2209 1405 vitiis
2239 1344 2317 1406 varii
2344 1345 2471 1431 generis
2501 1354 2565 1412 aon

695 1478 698 1483 ·
769 1454 872 1530 ¹vacat,
895 1443 1111 1532 metro'saepe
1132 1447 1230 1521 laeso,
1254 1445 1412 1510 vocabulis
1434 1446 1484 1510 vel
1505 1446 1705 1533 transpositis
1728 1445 1778 1509 vel
1807 1446 1931 1510 omissis
1960 1443 2009 1507 vel
2031 1443 2206 1531 depravatis
2228 1443 2322 1529 (quod
2336 1446 2367 1510 in
2384 1448 2566 1533 antiquiori·

769 1551 830 1616 :bus
853 1571 971 1636 quoque
994 1549 1042 1626 fit)
1069 1547 1160 1612 lectio
1185 1555 1283 1610 tamen
1313 1547 1487 1633 plerumque
1517 1567 1591 1611 com'
1613 1547 1790 1612 melioribus
1819 1540 1907 1611 tibiis
1937 1547 2114 1628 convenit,
2131 1544 2275 1632 quaedam
2304 1549 2431 1636 propria
2457 1549 2563 1634 halet,

770 1661 824 1715 ant
845 1673 863 1715 e
885 1651 1063 1715 uetustiore.
1091 1650 1169 1714 libro
1202 1650 1387 1737 transcripta
1408 1658 1461 1714 aut
1483 1671 1501 1712 a
1524 1648 1649 1713 librario
1673 1650 1741 1737 ipso
1764 1649 1904 1714 licentius
1927 1652 2051 1729 mutata,
2074 1648 2312 1736 quiparticulam
2335 1658 2373 1713 et
2393 1650 2472 1715 haud
2488 1673 2561 1718 raro

772 1761 888 1819 temere
910 1753 1051 1817 inseruit.
1096 1750 1125 1814 E
1146 1751 1393 1815 lectionibus
1417 1750 1473 1815 has
1497 1749 1611 1815 afferre
1633 1751 1723 1815 libet:
1747 1750 1976 1832 lv.0d,11,-a.
2002 1771 2071 1814 ara
2094 1751 2223 1814 castis
2247 1750 2381 1816 cincta
2403 1754 2561 1820 verbenis.

772 1859 826 1938 14,
849 1860 880 1919 t).
913 1853 1022 1933 Quod
1039 1851 1152 1917 Marte.
1175 1855 1228 1916 28.
1251 1852 1468 1917 meditatur
1488 1856 1540 1917 85.
1561 1850 1829 1924 Alexandria.
1863 1851 1900 1916 ln
1920 1849 2154 1932 Carm‘15,ll.
2175 1862 2245 1939 post
2264 1853 2374 1918 verbor
2398 1859 2563 1921 emovit·

772 1978 844 2044 que
867 1955 1006 2042 culpas
1023 1954 1167 2019 additur:
1190 1961 1437 2020 neaeervr‘remua
1457 1960 1618 2040 uoluptati
1644 1957 1731 2038 (item
1753 1956 1785 2019 iu
1807 1955 1906 2019 Dorv.
1929 1954 1981 2036 2).
2008 1953 2163 2039 Epodrd,
2183 1957 2216 2018 8.
2240 1955 2420 2042 replesti
2442 1979 2562 2025 nemus.

770 2062 805 2142 7,
828 2062 879 2123 18.
903 2057 1164 2122 acerba'fata.
1188 2060 1281 2121 laa.
1303 2054 1375 2123 nec
1393 2059 1538 2145 juveni
1561 2058 1689 2122 firmo.
1713 2060 1766 2140 15,
1789 2057 1878 2121 4.'in÷
1897 2065 1991 2120 vota
2014 2060 2153 2143 (supscr.
2174 2056 2237 2120 vel
2260 2058 2401 2139 uerba)
2419 2061 2561 2146 jurabas.

771 2159 799 2225 l.
822 2158 889 2225 Sat.
912 2164 946 2241 1,
961 2162 998 2224 ⁴0.
1025 2156 1154 2246 legum
1173 2160 1364 2245 jurisque
1386 2161 1515 2248 peritus.
1538 2163 1590 2224 68.
1613 2161 1802 2224 miseram·
1820 2180 1903 2222 esse.
1926 2161 1958 2239 2,
1981 2160 2033 2220 88.
2056 2157 2200 2221 uuluae
2223 2156 2562 2247 Cupienninstsltae.

767 2265 823 2327 88.
845 2271 1028 2350 prognatum
1048 2282 1147 2351 posce
1171 2259 1209 2325 de
1238 2270 1326 2350 patre
1348 2262 1531 2349 puellam.
1554 2265 1587 2344 4,
1610 2265 1682 2327 118.
1712 2262 1876 2325 vitatum
1900 2258 2071 2344 quidque
2100 2260 2271 2347 petitum.
2294 2260 2336 2325 ΙΙ.
2362 2262 2429 2330 Sat.
2447 2270 2483 2350 8,
2506 2269 2560 2336 75.

770 2361 953 2443 Quidve-ad
976 2361 1205 2429 amicitiam.
1241 2362 1303 2427 Art
1324 2371 1407 2452 poet.
1427 2367 1501 2429 22⁰.
1524 2364 1615 2428 vilem
1638 2363 1822 2427 canta-vit
1843 2363 1882 2427 ob
1905 2362 2329 2428 hircum.aa².scrvanda
2351 2387 2560 2455 cupressu.

768 2469 844 2532 428.
867 2467 1100 2531 recte'ben'e
1122 2465 1302 2554 pulchre..
1318 2470 1392 2532 420.
1418 2487 1473 2531 cur
1494 2475 1613 2530 versus¹
1628 2464 1807 2530 dictitet.
1832 2502 1871 2514 -
1896 2499 1937 2512 -
1960 2463 2020 2528 llic
2043 2463 2153 2545 codexq
2177 2472 2210 2528 ut
2232 2486 2326 2553 supra
2346 2467 2560 2554 indicarimus,

769 2565 1061 2654 Persii-quoque
1084 2564 1244 2632 Satires
1268 2570 1406 2631 continet
1427 2587 1493 2631 cum
1517 2567 1643 2631 scholiis
1666 2567 1822 2654 plerisque
1851 2586 1891 2628 ex
1910 2563 2047 2629 'Cornuti
2077 2567 2294 2632 commentario
2326 2567 2362 2632 ad
2391 2574 2560 2660 marginem

770 2671 907 2758 scriptis,
930 2668 986 2734 sed
1009 2670 1168 2733 maximam
1191 2680 1308 2756 partem
1331 2667 1518 2731 difficillimis
1541 2667 1620 2731 lectu
1643 2673 1772 2753 propter
1800 2673 1997 2730 atramentum
2029 2666 2188 2731 evanidum
2219 2676 2250 2733 et
2271 2673 2474 2739 membranam
2498 2696 2559 2741 ma·

768 2773 858 2838 nibus
888 2772 998 2835 tritam.
1042 2770 1167 2834 Passim
1198 2769 1329 2834 schedae
1364 2768 1505 2856 singulae
1534 2769 1614 2831 inter
1643 2767 1720 2832 tolia
1748 2775 1873 2832 assutae
1903 2769 1953 2832 ubi
1981 2790 2088 2856 margo
2112 2768 2290 2853 deficiebat,
2313 2778 2557 2843 commentarium

768 2873 956 2938 continuant.
1007 2872 1190 2957 Plerumque
1218 2872 1296 2935 haec
1325 2871 1449 2936 scholia·
1466 2870 1653 2934 conveniunt
1681 2890 1747 2933 cum
1778 2868 1909 2935 Cornuti
1938 2873 2174 2955 commentario,
2204 2895 2289 2960 quem
2313 2875 2357 2944 θ.
2386 2874 2407 2941 J
2414 2878 2558 2945 abuius

665 3045 668 3049 ,
766 2975 977 3050 iaEditioue
1003 2973 1190 3038 Satirarum‘
1206 2972 1316 3037 Persii
1342 2973 1454 3061 (Lips.
1484 2972 1772 3055 lacerantibus.
1825 2970 1864 3036 In
1893 2973 1991 3060 prima
2020 2975 2136 3062 pagina
2165 2996 2282 3041 aversa
2306 2977 2369 3042 vila
2398 2979 2452 3044 illa
2481 2984 2558 3047 auti.

765 3078 826 3165 qua
854 3100 872 3141 a
902 3076 1101 3164 grammatico
1133 3076 1248 3163 scripta
1275 3075 1390 3160 legitur
1418 3074 1476 3138 hoc
1506 3073 1610 3138 titulo:
1645 3077 1761 3159 decipit
1789 3079 1857 3139 nita
1886 3078 1982 3140 Aello
2010 3079 2113 3140 Pereia·
2132 3080 2242 3142 Flacci
2268 3082 2309 3144 da
2336 3090 2558 3150 conmentario

767 3182 863 3244 Prodi
888 3179 1007 3242 Veteris·
1024 3180 1168 3241 reblata.
1205 3175 1342 3241 Eandem
1365 3197 1406 3241 ex
1428 3176 1614 3240 aliislibri's
1636 3174 1819 3262 Jahnius'p.
1840 3180 1915 3242 238.
1939 3199 1984 3264 sq.
2007 3177 2126 3261 edidit,
2149 3181 2199 3264 qui
2222 3181 2311 3267 hujus
2334 3204 2451 3271 quoque
2473 3186 2557 3252 cedi

768 3277 986 3347 cie'1lectiones
1007 3286 1213 3370 excerptasa
1235 3278 1440 3379 Schweigero
1465 3279 1636 3369 accepitet
1658 3279 1714 3341 sub
1737 3280 1781 3345 tit.
1804 3279 1850 3346 M.
1873 3284 1904 3345 Ἰ.
1929 3279 2138 3368 vulgavitl.
2161 3283 2228 3368 ejus
2251 3285 2381 3370 praelat.
2404 3308 2435 3376 p.
2457 3285 2556 3374 CCV.

854 3491 913 3569 48)
935 3485 1072 3559 Mon·
1096 3489 1142 3560 ⁴¹.
1173 3488 1307 3556 Codex
1335 3496 1366 3558 4.
1395 3489 1668 3556 bibliothecae
1690 3487 1850 3577 Regiae·
1867 3488 2127 3557 Monacensis
2162 3508 2245 3557 saec.
2268 3491 2341 3558 Xll.
2358 3493 2555 3560 membrana·

731 3613 742 3625 ·
768 3609 843 3654 cens
865 3591 899 3654 in
919 3595 974 3654 8v⁰
1004 3591 1282 3681 mediocri,·sign.
1312 3593 1369 3670 Νι.
1392 3592 1429 3657 Β.
1460 3590 1547 3660 vlss.
1580 3592 1651 3657 olim
1680 3593 1860 3656 monasterii
1889 3593 2104 3658 Stssmerani
2125 3592 2326 3661 Ratishonae.
2363 3594 2430 3658 'llic
2454 3595 2554 3663 codex

766 3691 799 3755 in
821 3694 1120 3780 membranawaria,
1143 3696 1252 3785 partim
1275 3696 1377 3777 tenui,
1400 3695 1510 3784 partim
1533 3696 1690 3760 crassiore
1713 3716 1771 3759 nec
1793 3693 1949 3761 admodum
1972 3696 2041 3759 alba
2063 3695 2207 3781 scriptus,
2231 3696 2317 3761 foliis
2337 3695 2420 3761 inter
2442 3719 2481 3762 se
2502 3720 2555 3788 pa·

766 3812 833 3858 rum
856 3796 1049 3881 aequalibus,
1081 3805 1321 3884 tegumentorum
1344 3796 1438 3862 dorso
1463 3807 1494 3861 et
1515 3797 1637 3885 angulis
1665 3796 1752 3861 corio
1785 3799 1875 3862 ovino
1905 3797 1973 3862 albo
2002 3797 2139 3862 firmatis.
2182 3797 2284 3862 Foliis
2306 3807 2428 3863 constat
2446 3801 2556 3884 teget

763 3895 870 3984 plures
894 3899 1075 3986 scriptorum
1098 3899 1193 3963 libros
1217 3899 1496 3987 complectiturca)
1520 3898 1682 3963 Horatii
1706 3919 1843 3986 opera,
1866 3897 1920 3963 lol.
1944 3902 2081 3963 1-48.
2103 3900 2139 3963 ab
2159 3900 2250 3966 initio
2273 3900 2387 3984 mutila,
2409 3900 2555 3967 delicien-

766 3998 847 4064 tibus
871 4008 999 4085 quatuor
1021 3995 1154 4064 (ldarnm
1176 4000 1318 4065 lilliset
1339 3997 1470 4088 Epodon
1492 4002 1688 4090 parte3uau'1
1710 4001 1819 4088 incipit
1841 4000 1939 4065 codex
1962 4002 2009 4066 ab
2028 4000 2145 4090 Epod.
2171 4006 2222 4068 18.
2243 4025 2272 4066 v.
2297 4006 2348 4075 18.
2380 4001 2555 4090 Sequuntur

764 4097 932 4170 Carmen
956 4121 1058 4165 saec.
1083 4100 1161 4165 Ars
1177 4111 1285 4189 poet.
1309 4099 1538 4166 Sermonum
1562 4102 1660 4166 libri
1680 4099 1729 4165 ll.
1752 4101 2030 4191 Epistularum
2051 4103 2211 4168 librili.
2257 4105 2290 4186 b)
2314 4104 2431 4170 Donati
2452 4127 2553 4194 gram·

765 4202 916 4282 matioam,
936 4201 1000 4267 ¹fol.
1023 4205 1066 4265 48
1087 4236 1130 4250 -
1150 4205 1203 4267 85.
1249 4205 1280 4286 c)
1311 4202 1446 4267 Ovidii
1467 4203 1620 4267 librum
1641 4201 1684 4267 de
1713 4204 1905 4270 remediis
1936 4207 2102 4286 amoris,
2132 4204 2187 4269 fol.
2209 4209 2253 4269 88
2275 4242 2315 4254 -
2337 4210 2393 4289 w,
2422 4208 2454 4272 ia
2487 4228 2554 4273 sor·

649 4344 654 4353 -
763 4301 837 4368 dida
857 4298 1031 4366 membrana
1054 4302 1179 4367 sordide
1202 4305 1356 4391 scriptum.
1381 4293 1483 4368 -ss-lu
1501 4305 1626 4369 Horatii
1646 4304 1733 4369 liaris
1758 4307 1910 4395 scriptura
1931 4307 2133 4371 minutissima
2154 4306 2285 4393 quidem,
2309 4306 2365 4373 sed
2387 4310 2554 4394 aequabilis

764 4413 798 4470 et
820 4410 973 4486 accurata,
997 4402 1122 4467 eandem
1140 4405 1261 4490 ulique
1292 4414 1411 4470 manum
1434 4406 1545 4494 prodit
1590 4407 1733 4494 Paginae
1760 4430 1868 4473 omnes
1899 4408 2052 4496 simplices
2082 4408 2196 4473 habent
2224 4431 2366 4475 versuum
2387 4411 2554 4478 columnas.

763 4503 885 4574 ¹Versus
908 4504 1094 4592 insingulis
1109 4498 1241 4593 ipaginis
1263 4508 1316 4570 88.
1340 4508 1448 4596 scripti
1470 4506 1671 4573 interlineas
1696 4510 1766 4574 stilo
1790 4508 1896 4573 ductas
1919 4521 1951 4572 et
1973 4509 2127 4594 stigmatis
2149 4509 2187 4575 ad
2210 4509 2379 4599 marginem
2401 4513 2553 4601 signatas,

762 4608 844 4674 binis
875 4609 1023 4696 utrimque
1046 4606 1143 4672 lineis*
1161 4607 1471 4695 'perpendicularihus
1500 4611 1696 4695 terminatae,
1727 4611 1834 4697 quibus
1862 4610 1984 4675 litterae
2013 4631 2156 4677 versuum
2179 4612 2318 4678 'initiales
2348 4613 2552 4698 includantur,

762 4711 1091 4800 permaximamlibri
1104 4718 1234 4800 partem·
1251 4709 1374 4775 rubrica
1394 4717 1528 4776 notatae.
1573 4711 1674 4778 Tituli
1696 4721 1728 4778 et
1749 4714 1868 4778 litterae
1891 4711 2067 4800 eclogarum
2089 4714 2223 4780 initiales
2245 4736 2341 4801 usque
2363 4714 2402 4779 ad
2423 4717 2479 4785 fol.
2494 4721 2553 4783 88.

764 4813 857 4878 minio
872 4809 1000 4902 pictae,
1030 4814 1102 4901 pest
1124 4820 1306 4879 atramento.
1351 4812 1564 4878 Atramentum
1584 4835 1647 4902 apn
1668 4813 1747 4880 idem
1769 4814 1891 4899 ubique,
1920 4835 1960 4879 ex
1983 4815 2072 4881 fusco
2094 4817 2271 4903 nigricans,
2295 4838 2335 4881 ex
2355 4825 2446 4905 parte
2465 4819 2552 4908 pulli·

763 4913 842 4980 dius.
881 4913 1074 4978 -Lacunae
1095 4915 1128 4978 in
1150 4915 1211 4978 hoe
1229 4914 1459 4980 libro-exstant
1477 4917 1559 4980 iuter
1577 4884 1634 4993 tel.
1655 4918 1798 4981 11-12
1835 4913 1874 4999 (1.
1898 4914 1965 4982 Sat.
1987 4922 2020 5001 2,
2043 4921 2082 4982 lt
2103 4953 2145 4964 -
2167 4920 2201 5000 8,
2226 4919 2291 5000 15.)
2314 4921 2480 4985 tuminter
2502 4920 2553 4989 tol

761 5019 806 5081 84
828 5039 864 5067 -·-
886 5019 933 5080 25
962 5014 1019 5098 (lt.
1044 5013 1112 5081 Sat.
1133 5012 1284 5099 &9²⁶-
1305 5015 1435 5100 8,’88).’
1481 5017 1655 5083 Scholia-
1677 5026 1714 5081 et
1742 5018 1909 5105 glossae
1938 5020 2054 5108 passim
2084 5039 2233 5110 aspersae
2267 5020 2311 5084 nil
2344 5021 2552 5108 cognitedi'·

762 5117 855 5208 grim
872 5116 1030 5200 afferunt,
1052 5138 1110 5182 nec
1132 5117 1259 5183 eandem
1281 5119 1390 5206 ubique
1413 5118 1701 5208 menamproduut3
1725 5120 1882 5207 quaedam,
1905 5129 1938 5186 ut
1957 5123 2019 5209 ipsi
2040 5119 2119 5186 tituli
2141 5120 2248 5204 additi,
2270 5124 2439 5212 posteriori
2460 5127 2554 5193 aetat

761 5218 923 5294 tdlueuda
965 5219 1117 5284 videntur.
1145 5246 1196 5272 ω·-
1237 5220 1463 5308 Scriptura
1500 5221 1589 5286 huius
1631 5221 1746 5287 codicis
1771 5225 1910 5307 lom,f
1933 5224 2025 5310 plana
2065 5233 2096 5289 et
2133 5224 2287 5313 explicata
2326 5226 2443 5292 saeculi
2481 5226 2553 5293 Xll

762 5320 883 5391 ductam
905 5321 1289 5411 annaneangum'sunet
1316 5313 1651 5412 segmenupraese
1689 5325 2162 5414 tere‚·an·cujus,prtoren
2195 5332 2347 5417 partem
2381 5349 2449 5395 cum
2482 5350 2554 5419 pre
