5725 6392
522 920 619 990 foliis
641 918 752 1007 partin
773 918 920 1006 integris,
942 919 1064 1007 partim,
1085 924 1119 983 ut
1139 918 1209 983 fors
1231 916 1313 1001 tulit,
1334 916 1448 983 laceris
1471 919 1521 984 rel
1543 918 1705 1007 amputau's
1734 927 1894 1017 quaeant,
1916 942 1994 1009 quae
2017 921 2092 992 Car.
2116 922 2197 993 Guil.
2218 923 2320 994 Mucl-

524 1022 597 1100 lero
620 1022 717 1088 amico
740 1019 951 1087 intercedente
959 1019 1088 1087 Morelli
1108 1020 1280 1086 humanitas
1298 1021 1392 1088 nobis
1415 1020 1529 1086 utenda
1550 1023 1717 1088 concessit.
1759 1022 1822 1087 llio
1843 1045 1921 1111 ergo
1945 1025 2046 1091 codex
2057 1028 2129 1092 olim
2151 1028 2319 1093 Horatii

524 1143 654 1214 opera
675 1124 806 1189 omnia
827 1122 948 1189 videtur
970 1144 1045 1189 esse
1065 1124 1261 1218 complexum
1282 1145 1353 1189 nam
1372 1124 1406 1189 in
1428 1124 1553 1192 schedis
1564 1124 1733 1211 particulae
1745 1123 1890 1208 0darnm,
1913 1125 2107 1212 Sermonum,
2129 1130 2219 1194 Artis
2234 1140 2318 1222 poet.

524 1224 794 1315 atlipistolarum
823 1225 970 1314 plurimae
999 1226 1113 1293 insunt.
1158 1225 1242 1292 Ordo
1263 1226 1422 1311 librorum,
1446 1234 1588 1313 quantum
1610 1248 1628 1292 e
1649 1229 1794 1316 vestigiis
1824 1228 1972 1316 colligere
1994 1229 2079 1313 licet,
2099 1252 2230 1320 prorsus
2254 1233 2320 1298 sin·

524 1328 651 1419 galatis
677 1328 746 1402 fuit
789 1328 870 1394 Nam
897 1335 1026 1416 quatuor
1054 1329 1188 1395 odarum
1215 1328 1315 1395 libros
1344 1330 1490 1417 subsequi
1519 1330 1656 1410 videtur,
1686 1350 1727 1395 ex
1748 1330 1960 1418 antiquissima
1988 1332 2230 1415 consuetudine,
2253 1333 2318 1401 Ars

526 1430 663 1519 poetica.
709 1428 793 1496 Tem
819 1429 951 1521 Epodon
978 1432 1059 1498 liber
1088 1441 1121 1498 et
1142 1453 1266 1498 carmen
1292 1454 1375 1498 saec
1404 1432 1489 1498 Dein
1515 1431 1696 1498 Sermonum
1724 1432 1795 1499 libri
1817 1431 1896 1517 duo,
1924 1441 2082 1523 postremo
2112 1433 2321 1524 Epistularum

525 1525 603 1602 libri
625 1531 695 1600 duo.
737 1532 817 1599 Nam
851 1540 937 1598 certe
958 1532 1092 1600 Satiram
1114 1535 1186 1600 libri
1205 1534 1247 1601 Η.
1271 1542 1409 1601 octauam
1423 1534 1546 1624 ‘excipit
1566 1535 1598 1601 in
1621 1534 1728 1602 eadem
1749 1535 1866 1601 acbeda
1886 1535 2030 1622 Epistola
2062 1539 2173 1626 prima,
2195 1538 2268 1602 licet
2287 1539 2321 1603 in

526 1633 590 1702 bec
612 1636 824 1726 superscripta
843 1635 1004 1723 legantors
1027 1640 1135 1703 Orotla'
1156 1640 1206 1707 Fl.
1231 1640 1371 1705 Cornea·
1385 1641 1530 1706 seculare
1550 1643 1688 1724 aepllctt.
1729 1641 1845 1724 Incipit
1866 1627 2128 1724 llberptarum:
2151 1640 2322 1705 andebanc

528 1737 650 1806 riulan
677 1759 719 1803 ex
746 1737 807 1804 alio
830 1736 938 1803 codiee
959 1748 1074 1805 temere
1098 1742 1286 1832 exscriptum
1314 1741 1455 1830 colligas.
1508 1740 1597 1808 llaec
1624 1749 1724 1807 autem
1753 1741 1899 1808 librorum
1928 1743 2104 1830 fragmenta
2124 1750 2266 1818 exstem:
2289 1744 2322 1826 a)

525 1837 650 1906 ouen
674 1839 718 1908 L.
738 1837 847 1936 ml·
869 1844 929 1925 11,
959 1846 1126 1928 lo-lt,
1147 1847 1205 1914 20.
1227 1846 1261 1909 in
1281 1845 1362 1910 binis
1385 1844 1472 1909 foliis
1495 1841 1676 1930 duplicatis,¹
1691 1865 1816 1932 qoarnm
1838 1846 1964 1910 alteram
1986 1852 2104 1943 partem
2126 1845 2215 1910 Artis
2237 1851 2322 1933 poet.

525 1941 740 2029 fragmentum
762 1943 889 2011 obtinet.
911 1945 945 2024 b)
965 1944 1082 2011 Artis
1105 1953 1208 2035 poet.
1231 1969 1261 2013 u.
1282 1949 1465 2013 sa-laa
1486 1949 1689 2013 tol-24².
1712 1947 1809 2013 mutili
1832 1968 1863 2013 v.
1884 1950 2088 2016 §ll-db&
2112 1947 2146 2026 c)
2168 1945 2322 2012 Sermo·

525 2064 617 2110 mum
639 2043 730 2110 Lib.
751 2043 796 2113 11.
817 2047 931 2130 sato,
951 2049 1093 2130 878⁰.
1115 2053 1149 2131 o,
1170 2052 1321 2115 01-oe
1343 2048 1505 2133 (dimidiati
1525 2050 1892 2135 sersus)..108·-llb.
1914 2054 1954 2133 7,
1977 2052 2117 2119 1-2‘5.
2138 2052 2323 2115 aa-lls
2441 2064 2443 2067 ’

525 2149 567 2229 8,
589 2150 730 2212 1-00.
753 2138 916 2216 stt-ou.
938 2148 970 2234 d)
991 2148 1270 2239 Epistularum
1290 2151 1365 2218 Lib.
1387 2151 1423 2236 l,
1454 2156 1486 2236 l,
1503 2173 1534 2218 v.
1557 2157 1590 2236 1,
1610 2156 1752 2218 7-22.
1775 2151 1846 2218 dein
1874 2150 2022 2216 dimidiati
2048 2171 2134 2218 sere.
2161 2152 2323 2216 21-01,

526 2252 697 2316 08-04.
719 2271 749 2315 v.
772 2253 844 2316 los.
865 2254 898 2319 8.
921 2250 1000 2340 Epp.
1022 2256 1055 2335 2,
1078 2255 1218 2335 1-18,
1239 2257 1281 2318 81
1302 2255 1446 2343 integrae
1468 2263 1603 2321 exstant
1624 2277 1655 2321 v.
1677 2259 1718 2321 al
1731 2259 1827 2320 -72
1856 2254 1962 2319 munli.
1983 2251 2059 2317 Inde
2083 2276 2102 2318 a
2124 2274 2209 2318 vers.
2227 2256 2325 2317 '12-

528 2348 592 2439 Ep.
616 2353 660 2416 2⁰
693 2350 733 2415 ad
751 2351 844 2417 tinem
872 2374 969 2439 usque
996 2354 1121 2439 integra
1150 2361 1232 2422 sunt
1281 2354 1383 2443 Epist
1411 2354 1747 2445 L.11.1,1-1ac
1774 2357 1923 2437 (abscisis
1953 2355 2068 2440 aliquot
2096 2355 2268 2437 versibus).
2291 2375 2321 2418 v.

526 2454 601 2518 22⁰
614 2455 738 2518 -Μ
760 2474 791 2519 s.
813 2456 931 2518 201-
942 2456 1007 2520 200
1029 2453 1192 2521 dimidiati:
1221 2459 1255 2539 2,
1279 2460 1351 2521 1-
1364 2458 1419 2522 81.
1449 2455 1607 2525 dimidiati.
1636 2478 1667 2522 v.
1687 2459 1731 2522 82
1741 2494 1783 2508 -·
1793 2460 1838 2522 11
1859 2458 1995 2545 integri,
2017 2458 2133 2546 passim
2158 2456 2324 2523 obscurati.

529 2574 562 2619 v.
585 2557 746 2625 78-94.
770 2576 800 2620 v.
824 2557 1006 2621 {so-115.
1023 2557 1129 2622 mutili.
1152 2592 1195 2609 -
1229 2552 1430 2623 Membranae
1453 2559 1530 2623 satis
1553 2579 1693 2642 crassae,
1721 2559 1808 2625 foliis
1829 2559 2039 2645 inaequalibus
2063 2558 2220 2646 quaternis
2242 2557 2325 2623 inter

529 2677 568 2722 se
590 2653 782 2745 compositis.
826 2657 976 2745 Singulae
1003 2660 1137 2746 paginae
1159 2679 1269 2723 versus
1291 2659 1406 2724 habent
1426 2662 1468 2723 21
1490 2658 1691 2724 interlineas
1714 2661 1786 2725 stilo
1808 2660 1916 2725 ductas
1938 2661 2087 2747 utrimque
2109 2660 2221 2750 duplici
2240 2659 2326 2724 linea

526 2757 778 2848 perpendiculari
800 2760 992 2842 terminatas,
1015 2760 1122 2846 quibus
1144 2759 1266 2838 litterae
1297 2758 1432 2825 initiales
1453 2758 1606 2845 paululum
1629 2768 1766 2827 semotae
1788 2783 1808 2826 a
1829 2769 1913 2827 texto
1935 2760 2138 2828 includuntur.
2180 2760 2325 2826 Litterae

527 2877 679 2927 uersuum
706 2860 840 2926 initiales
868 2868 901 2925 et
928 2860 1007 2926 tituli
1036 2868 1206 2928 enemente
1236 2862 1304 2927 fere
1334 2862 1461 2952 scripti,
1489 2859 1579 2927 modo
1609 2859 1786 2950 eclogarum
1813 2863 1947 2930 initiales
1977 2864 2093 2950 aliquot
2120 2871 2152 2928 et
2178 2862 2326 2928 bbrornm

527 2962 613 3029 tituli
645 2964 738 3030 minio
760 2963 844 3053 picti.
888 2960 1105 3053 Scriptura
1126 2962 1291 3046 loculenta,
1312 2963 1405 3052 plana
1426 2971 1459 3028 et
1480 2962 1644 3053 explicata,
1667 2970 1836 3031 atramento
1859 2966 1978 3031 efusco
2001 2966 2189 3053 nigricante,
2210 2965 2325 3029 minus-

527 3065 630 3132 culam
656 3064 826 3130 Romanam
855 3085 961 3156 puram
989 3074 1021 3130 et
1052 3066 1233 3131 concinnam
1260 3066 1376 3149 refert,
1405 3064 1503 3151 qualis
1538 3063 1654 3129 saeculi
1686 3065 1731 3132 X.
1760 3067 1892 3150 fuit„et
1927 3090 1993 3133 cum
2025 3067 2132 3133 codice
2155 3066 2326 3132 Turieensi

526 3167 692 3260 plurimum
721 3166 927 3252 similitudinis
954 3167 1055 3233 babet
1097 3166 1367 3256 Dipbthongorum
1388 3187 1446 3251 ae,
1475 3187 1514 3232 oe
1553 3187 1620 3230 cum
1649 3166 1731 3254 siglo
1766 3188 1796 3232 ac
1818 3189 1893 3233 usos
1915 3169 2082 3256 frequens,
2113 3175 2146 3235 ut
2181 3170 2214 3234 in
2247 3168 2325 3234 anti·

524 3269 692 3358 quissimis
725 3268 830 3350 libris3
854 3271 980 3354 (caena,
1002 3268 1131 3353 caelum,
1152 3268 1284 3355 proelia,
1315 3269 1424 3351 meae):
1448 3289 1489 3352 ae,
1512 3288 1551 3334 oe
1571 3266 1689 3357 passim
1710 3288 1768 3356 pro
1791 3289 1819 3334 e.
1841 3269 1986 3354 (calaebo,
2010 3290 2156 3355 scaenae,
2179 3271 2325 3359 coepere)

527 3371 636 3454 sede,
660 3397 681 3471 p
703 3392 758 3461 pro
788 3392 844 3455 ae,
876 3392 914 3437 oe
946 3372 1121 3461 plerumque
1151 3371 1333 3456 (Maecenas
1367 3381 1399 3435 et
1429 3367 1597 3451 Mecenas)
1626 3377 1748 3435 vetusto
1771 3385 1874 3452 more3
1903 3370 2043 3460 ipnrum
2065 3373 2187 3459 ubique,
2210 3370 2327 3436 lveli

515 3491 702 3563 nusquam,
733 3472 752 3537 d
780 3474 890 3561 ubique
919 3494 983 3540 non
1013 3473 1050 3555 d,
1078 3497 1107 3559 r,
1135 3496 1198 3540 non
1220 3494 1249 3555 ²3
1279 3496 1298 3538 n
1326 3495 1383 3564 pro
1418 3494 1439 3537 v
1474 3469 1609 3560 semper.
1639 3470 1798 3559 flongum
1820 3473 1941 3561 ubique,
1965 3481 1996 3540 et
2016 3475 2048 3541 in
2071 3474 2131 3540 fine
2153 3495 2280 3555 uocum3
2310 3495 2326 3539 s

527 3569 625 3645 finale
648 3596 808 3663 nusquam.
831 3599 849 3641 r
871 3585 903 3641 et
922 3576 939 3642 s
948 3577 1070 3642 litterae
1092 3577 1175 3642 infra
1196 3576 1307 3642 lineam
1330 3572 1530 3659 descendunt,
1553 3574 1764 3641 vetustissimo
1780 3597 1848 3642 nso.
1892 3574 2010 3664 Sigla
2031 3586 2071 3643 et
2093 3574 2326 3667 compendia

531 3675 750 3750 scribendi
777 3700 949 3769 perpauca:
974 3676 1006 3745 dc
1028 3680 1194 3767 frequens,
1216 3680 1249 3744 in
1270 3676 1379 3744 mediis
1403 3698 1520 3765 quoqne
1542 3677 1668 3742 vocibus
1692 3676 1922 3764 (moridcur),
1946 3690 2044 3770 &pro
2068 3691 2117 3745 est
2138 3680 2325 3770 plerumque,

530 3796 587 3854 022
617 3780 732 3860 rarius.
765 3773 1084 3872 'orthographia
1115 3803 1249 3848 vocum
1288 3780 1440 3867 antiquam
1475 3778 1725 3845 consuetudinem
1758 3786 1880 3846 servat:
1925 3780 2088 3866 Ulixes,
2124 3780 2326 3872 luppiter,

529 3883 705 3967 Bachus,
742 3881 791 3967 di,
829 3880 888 3947 dis
911 3883 987 3966 (sed
1020 3884 1175 3969 Cassii,
1196 3884 1339 3968 Livii),
1361 3881 1486 3966 milia,
1523 3890 1595 3957 tus,
1630 3882 1738 3968 baca,
1761 3884 1891 3972 grais,
1914 3903 2325 3971 cumque,numquam,

530 4006 719 4074 umquam,
744 3985 967 4073 quicquam,
991 3986 1186 4074 quicquid,
1208 3985 1737 4075 nequiquam-percontari,
1760 3991 1889 4074 urget,
1911 3986 2006 4070 uult,
2028 3985 2171 4069 vultus,
2189 3987 2325 4072 Jocun-

536 4089 621 4172 dus,
643 4088 794 4177 pulcra,
818 4095 1025 4171 coturnus,
1046 4088 1209 4178 proicit,
1232 4089 1396 4172 abicito,
1419 4086 1546 4171 obice,
1568 4086 1767 4175 aspicere,
1796 4087 2007 4171 inberbes,
2030 4093 2208 4178 temptat,
2238 4107 2326 4153 con·

532 4200 760 4279 tempnere,
789 4191 1122 4275 viciis,-tociens,
1145 4188 1317 4272 sedicio,
1339 4188 1488 4274 tercia,
1520 4185 1621 4254 haud
1643 4196 1675 4254 et
1707 4188 1810 4255 haut.
1840 4187 2021 4254 Accusativi
2053 4191 2163 4257 tertiae
2193 4188 2271 4259 decl
2294 4191 2327 4256 in

532 4295 565 4361 le
603 4292 682 4359 satis
719 4292 896 4379 frequentes
927 4294 1047 4378 (auis,
1070 4291 1230 4374 suauis,
1253 4293 1454 4374 cenantis,
1476 4291 1620 4373 bostis,
1647 4289 1792 4381 pluris,
1815 4291 1937 4374 acris,
1960 4293 2146 4379 majoris,
2177 4290 2325 4359 decem·

531 4394 649 4483 bris).
693 4393 994 4461 Distinctionis
1017 4397 1137 4484 signa
1156 4399 1298 4483 punctum
1311 4394 1408 4479 majos
1430 4395 1485 4477 (.)
1506 4396 1605 4460 minue
1627 4393 1682 4480 (⁰)
1705 4390 1872 4458 semicolon
1895 4394 1951 4477 (;)
1972 4393 2187 4483 interrogandi
2204 4396 2326 4483 signum

533 4494 883 4586 (θλ-9108800
916 4497 1118 4563 interlineas
1141 4504 1172 4562 et
1194 4495 1354 4562 scholia
1376 4493 1414 4561 ad
1435 4497 1605 4585 margines,
1628 4495 1734 4562 eadem
1767 4516 1824 4582 qua
1856 4495 1925 4584 ipse
1947 4503 2050 4562 textus
2074 4502 2174 4561 aetate
2197 4497 2325 4583 scripte,

533 4604 570 4676 in
592 4601 675 4667 Arte
695 4604 779 4690 poet
800 4597 952 4689 Epistolis
975 4605 1007 4665 et
1023 4597 1223 4665 Semonibus
1245 4599 1323 4663 satis
1345 4597 1454 4679 multa3
1478 4597 1653 4666 carminum
1674 4599 1849 4687 fragmema
1869 4598 1989 4686 glossis
2010 4598 2326 4664 neocastrum.-

530 4695 682 4778 Lectio
713 4703 803 4790 hujos
834 4701 964 4767 codicis.
980 4701 1154 4792 plerumque
1190 4703 1274 4768 bona
1307 4708 1339 4766 et
1369 4702 1492 4787 antiqua
1526 4724 1592 4767 com
1624 4700 1799 4768 Graeciano
1837 4699 1942 4767 codice
1974 4699 2144 4787 plurimum,
2180 4699 2271 4764 etiam
2291 4700 2325 4765 in

533 4806 635 4898 titulis
665 4804 855 4893 eclogarum,
877 4804 1039 4886 conuenit3
1062 4802 1118 4870 sed
1138 4813 1265 4894 propter
1286 4803 1396 4870 multos
1423 4803 1512 4872 locos
1534 4805 1716 4872 obscuratos
1739 4824 1833 4893 saepe
1853 4799 1997 4889 impedita
2015 4809 2047 4865 et
2067 4798 2216 4868 difficilis.
2245 4800 2325 4889 Ejus

536 4909 708 4977 varietates
736 4907 937 4976 notabiliores
955 4913 1082 4997 propter
1103 4905 1219 4974 codicis
1241 4906 1461 4997 praestantiam
1468 4901 1531 4972 alos
1545 4929 1585 4971 ex
1596 4907 1751 4995 plerisque
1762 4905 1831 4990 ejus
1842 4902 2027 4990 fragmentis
2040 4902 2130 4994 paulo
2144 4903 2263 4993 largius
2275 4904 2325 4972 laic

533 5001 750 5093 indicabimus,
772 5012 954 5101 praesertim
967 5031 1035 5075 cum
1052 5007 1232 5074 Orellius
1247 5008 1287 5077 V.
1309 5008 1358 5076 Cl.
1377 5009 1511 5095 maujos
1530 5008 1668 5074 manibus
1688 5007 1748 5071 bae
1771 5004 1904 5071 schedae
1925 5007 2032 5090 fuere,
2055 5028 2130 5093 quas
2154 5004 2323 5073 Codicis

532 5105 850 5186 Einsiedleneis
880 5113 1083 5204 appellatione
1112 5112 1249 5210 notavit,
1269 5112 1310 5178 iis
1340 5110 1566 5198 omnimq,asos
1587 5129 1650 5177 non
1672 5108 1726 5191 sit,
1748 5106 1829 5195 quod
1849 5109 1939 5175 nobis
1962 5108 2079 5176 demun
2100 5110 2206 5176 lacere
2227 5108 2324 5192 licuit,

533 5224 699 5312 postquam
731 5215 811 5281 corii
846 5214 957 5282 sordes
1001 5217 1109 5304 quibus
1139 5215 1279 5280 obtectae
1302 5222 1415 5299 erant,
1454 5213 1629 5280 cautissime
1666 5211 1824 5282 abluimus.
1852 5210 1910 5283 lv.
1939 5210 1999 5281 od.
2033 5214 2172 5295 12,11.
2210 5211 2324 5277 Dele-

530 5328 721 5408 ctantqoe
741 5315 852 5388 ,deuna
875 5320 951 5404 18,
966 5322 1018 5387 la
1046 5318 1133 5386 cari
1159 5315 1290 5409 lapides.
1314 5315 1359 5388 11.
1381 5315 1451 5389 Sat.
1470 5317 1513 5402 b,
1544 5318 1580 5385 e.
1601 5315 1755 5386 redeat
1779 5319 1831 5386 11.
1854 5315 1922 5382 siue
1943 5313 2101 5403 aliquid
2120 5315 2249 5407 privum.
2271 5315 2325 5383 la
